{
  "analyzedAt": "2025-12-08T19:46:10.881Z",
  "leaderboardTimeframe": "week",
  "profiles": [
    {
      "walletAddress": "0xb744f56635b537e859152d14b022af5afe485210",
      "username": "wasianiversonworldchamp2025",
      "weeklyProfit": 1560487,
      "weeklyVolume": 12881445,
      "trades": [
        {
          "market": "0xc518916d74bd08acc8a987969a3e824b770a478b0b14311d2ecdbb69b2b1249d",
          "asset": "99961302833818036309357964387105148722676605233757243849804638809849316983231",
          "side": "BUY",
          "size": 19147.97,
          "price": 0.52,
          "timestamp": 1765202085,
          "outcome": "Team Falcons",
          "eventSlug": "cs2-ts7-fal2-2025-12-11",
          "eventTitle": "Counter-Strike: Spirit vs Team Falcons (BO3)"
        },
        {
          "market": "0x1d49e8450d9a24a8f6e5b32ad5d81c23b1bc43f8f36fb8e5cf10a3a0f006b90d",
          "asset": "80443500902924220994029712225427150373341602196598449776332918457278043350753",
          "side": "SELL",
          "size": 50,
          "price": 0.5,
          "timestamp": 1765156839,
          "outcome": "Chiefs",
          "eventSlug": "nfl-hou-kc-2025-12-07",
          "eventTitle": "Spread: Chiefs (-3.5)"
        },
        {
          "market": "0x61cf5315ec6aa4c6563e58a4736bdf89633ec2b5c9f2e2a6977cc7544cd6b916",
          "asset": "82263437028976937938917692119085850534298447420831840197176963793365472027050",
          "side": "BUY",
          "size": 1548405.84,
          "price": 0.33,
          "timestamp": 1765156769,
          "outcome": "Texans",
          "eventSlug": "nfl-hou-kc-2025-12-07",
          "eventTitle": "Texans vs. Chiefs"
        },
        {
          "market": "0x972217f80ac9a94332f04d08700fa869ea8a47e5e7a74b93467f7e1dced6f97b",
          "asset": "99721289027268292389460797338779549753637377598657465458510934486287100459073",
          "side": "SELL",
          "size": 233.18,
          "price": 0.51,
          "timestamp": 1765156273,
          "outcome": "Chiefs",
          "eventSlug": "nfl-hou-kc-2025-12-07",
          "eventTitle": "Spread: Chiefs (-4.5)"
        },
        {
          "market": "0x972217f80ac9a94332f04d08700fa869ea8a47e5e7a74b93467f7e1dced6f97b",
          "asset": "99721289027268292389460797338779549753637377598657465458510934486287100459073",
          "side": "BUY",
          "size": 11473.23,
          "price": 0.51,
          "timestamp": 1765155817,
          "outcome": "Chiefs",
          "eventSlug": "nfl-hou-kc-2025-12-07",
          "eventTitle": "Spread: Chiefs (-4.5)"
        },
        {
          "market": "0x1d49e8450d9a24a8f6e5b32ad5d81c23b1bc43f8f36fb8e5cf10a3a0f006b90d",
          "asset": "80443500902924220994029712225427150373341602196598449776332918457278043350753",
          "side": "BUY",
          "size": 27349.86,
          "price": 0.55,
          "timestamp": 1765155621,
          "outcome": "Chiefs",
          "eventSlug": "nfl-hou-kc-2025-12-07",
          "eventTitle": "Spread: Chiefs (-3.5)"
        },
        {
          "market": "0x972217f80ac9a94332f04d08700fa869ea8a47e5e7a74b93467f7e1dced6f97b",
          "asset": "99721289027268292389460797338779549753637377598657465458510934486287100459073",
          "side": "SELL",
          "size": 3679.59,
          "price": 0.51,
          "timestamp": 1765154851,
          "outcome": "Chiefs",
          "eventSlug": "nfl-hou-kc-2025-12-07",
          "eventTitle": "Spread: Chiefs (-4.5)"
        },
        {
          "market": "0xe7aa655c5b36c563c2388a1ad2aee7e82c096a4ebe6ce0faa5389516593efb17",
          "asset": "109007543191966761352879180997400951391936026410100880456819675431819785662896",
          "side": "SELL",
          "size": 200000,
          "price": 0.999,
          "timestamp": 1765154187,
          "outcome": "Packers",
          "eventSlug": "nfl-chi-gb-2025-12-07",
          "eventTitle": "Bears vs. Packers"
        },
        {
          "market": "0xe7aa655c5b36c563c2388a1ad2aee7e82c096a4ebe6ce0faa5389516593efb17",
          "asset": "109007543191966761352879180997400951391936026410100880456819675431819785662896",
          "side": "SELL",
          "size": 300000,
          "price": 0.999,
          "timestamp": 1765154165,
          "outcome": "Packers",
          "eventSlug": "nfl-chi-gb-2025-12-07",
          "eventTitle": "Bears vs. Packers"
        },
        {
          "market": "0x1d49e8450d9a24a8f6e5b32ad5d81c23b1bc43f8f36fb8e5cf10a3a0f006b90d",
          "asset": "80443500902924220994029712225427150373341602196598449776332918457278043350753",
          "side": "SELL",
          "size": 91085.81,
          "price": 0.55,
          "timestamp": 1765153623,
          "outcome": "Chiefs",
          "eventSlug": "nfl-hou-kc-2025-12-07",
          "eventTitle": "Spread: Chiefs (-3.5)"
        },
        {
          "market": "0x71eccf4801edc93d25b101da68e7858633e87e3329c9c6e4b94bcc9e3d7629cd",
          "asset": "84051877467102463043195912368038572711758874356607302037688980514343769919141",
          "side": "SELL",
          "size": 41746.52,
          "price": 0.999,
          "timestamp": 1765153211,
          "outcome": "Raiders",
          "eventSlug": "nfl-den-lv-2025-12-07",
          "eventTitle": "Spread: Broncos (-7.5)"
        },
        {
          "market": "0x13d44abee2914a1e2a6b207f99b35fdf262df3562418766ecc3321385ad7e314",
          "asset": "42787132444424688330127204854700397032159215835203026833933736931216768439589",
          "side": "SELL",
          "size": 49394,
          "price": 0.999,
          "timestamp": 1765153199,
          "outcome": "Raiders",
          "eventSlug": "nfl-den-lv-2025-12-07",
          "eventTitle": "Spread: Broncos (-8.5)"
        },
        {
          "market": "0x1d49e8450d9a24a8f6e5b32ad5d81c23b1bc43f8f36fb8e5cf10a3a0f006b90d",
          "asset": "80443500902924220994029712225427150373341602196598449776332918457278043350753",
          "side": "BUY",
          "size": 89978.43,
          "price": 0.54,
          "timestamp": 1765152023,
          "outcome": "Chiefs",
          "eventSlug": "nfl-hou-kc-2025-12-07",
          "eventTitle": "Spread: Chiefs (-3.5)"
        },
        {
          "market": "0xf32f35850e555afdb655a8af329946a2dc04de3290999b0c14bbf7cb4123a160",
          "asset": "85660995210960339249031130571716132249396560397420298921539776481717501210230",
          "side": "BUY",
          "size": 200500,
          "price": 0.2,
          "timestamp": 1765142747,
          "outcome": "Cardinals",
          "eventSlug": "nfl-la-ari-2025-12-07",
          "eventTitle": "LAR vs. Cardinals"
        },
        {
          "market": "0xf32f35850e555afdb655a8af329946a2dc04de3290999b0c14bbf7cb4123a160",
          "asset": "85660995210960339249031130571716132249396560397420298921539776481717501210230",
          "side": "BUY",
          "size": 384722,
          "price": 0.2,
          "timestamp": 1765142723,
          "outcome": "Cardinals",
          "eventSlug": "nfl-la-ari-2025-12-07",
          "eventTitle": "LAR vs. Cardinals"
        },
        {
          "market": "0xe7aa655c5b36c563c2388a1ad2aee7e82c096a4ebe6ce0faa5389516593efb17",
          "asset": "109007543191966761352879180997400951391936026410100880456819675431819785662896",
          "side": "BUY",
          "size": 449.21,
          "price": 0.75,
          "timestamp": 1765142605,
          "outcome": "Packers",
          "eventSlug": "nfl-chi-gb-2025-12-07",
          "eventTitle": "Bears vs. Packers"
        },
        {
          "market": "0xe7aa655c5b36c563c2388a1ad2aee7e82c096a4ebe6ce0faa5389516593efb17",
          "asset": "109007543191966761352879180997400951391936026410100880456819675431819785662896",
          "side": "BUY",
          "size": 213177.71,
          "price": 0.75,
          "timestamp": 1765142591,
          "outcome": "Packers",
          "eventSlug": "nfl-chi-gb-2025-12-07",
          "eventTitle": "Bears vs. Packers"
        },
        {
          "market": "0xe7aa655c5b36c563c2388a1ad2aee7e82c096a4ebe6ce0faa5389516593efb17",
          "asset": "109007543191966761352879180997400951391936026410100880456819675431819785662896",
          "side": "BUY",
          "size": 83906,
          "price": 0.74,
          "timestamp": 1765142509,
          "outcome": "Packers",
          "eventSlug": "nfl-chi-gb-2025-12-07",
          "eventTitle": "Bears vs. Packers"
        },
        {
          "market": "0xe7aa655c5b36c563c2388a1ad2aee7e82c096a4ebe6ce0faa5389516593efb17",
          "asset": "109007543191966761352879180997400951391936026410100880456819675431819785662896",
          "side": "BUY",
          "size": 93471,
          "price": 0.74,
          "timestamp": 1765142271,
          "outcome": "Packers",
          "eventSlug": "nfl-chi-gb-2025-12-07",
          "eventTitle": "Bears vs. Packers"
        },
        {
          "market": "0xa3f1c077d7a584f1edf8715a3249c325d322ba84051371b389de486da33c40f9",
          "asset": "7871163663898875409415383536260000655079235321617673743709941250139924479624",
          "side": "BUY",
          "size": 173900,
          "price": 0.51,
          "timestamp": 1765141933,
          "outcome": "Cardinals",
          "eventSlug": "nfl-la-ari-2025-12-07",
          "eventTitle": "Spread: LAR (-9.5)"
        },
        {
          "market": "0xe9b026905e519a38e7234be88ef047a974c813111917a60283df55e46e2cc617",
          "asset": "100814544638334562528634474734536889846153057281325961849684358682828562094680",
          "side": "BUY",
          "size": 57077,
          "price": 0.56,
          "timestamp": 1765141825,
          "outcome": "Cardinals",
          "eventSlug": "nfl-la-ari-2025-12-07",
          "eventTitle": "Spread: LAR (-10.5)"
        },
        {
          "market": "0xa3f1c077d7a584f1edf8715a3249c325d322ba84051371b389de486da33c40f9",
          "asset": "7871163663898875409415383536260000655079235321617673743709941250139924479624",
          "side": "BUY",
          "size": 143826.45,
          "price": 0.51,
          "timestamp": 1765141533,
          "outcome": "Cardinals",
          "eventSlug": "nfl-la-ari-2025-12-07",
          "eventTitle": "Spread: LAR (-9.5)"
        },
        {
          "market": "0xee04d675eaaf901167fdda0bcf547e8e5f003e2a85489943ae6c47df479d4190",
          "asset": "15982219854119555286786683709700959912092742850359293984971739473793594405694",
          "side": "BUY",
          "size": 19918.61,
          "price": 0.48,
          "timestamp": 1765141511,
          "outcome": "Cardinals",
          "eventSlug": "nfl-la-ari-2025-12-07",
          "eventTitle": "Spread: LAR (-8.5)"
        },
        {
          "market": "0xe9b026905e519a38e7234be88ef047a974c813111917a60283df55e46e2cc617",
          "asset": "100814544638334562528634474734536889846153057281325961849684358682828562094680",
          "side": "BUY",
          "size": 206393.63,
          "price": 0.56,
          "timestamp": 1765141487,
          "outcome": "Cardinals",
          "eventSlug": "nfl-la-ari-2025-12-07",
          "eventTitle": "Spread: LAR (-10.5)"
        },
        {
          "market": "0x13d44abee2914a1e2a6b207f99b35fdf262df3562418766ecc3321385ad7e314",
          "asset": "42787132444424688330127204854700397032159215835203026833933736931216768439589",
          "side": "BUY",
          "size": 20277.79,
          "price": 0.53,
          "timestamp": 1765141455,
          "outcome": "Raiders",
          "eventSlug": "nfl-den-lv-2025-12-07",
          "eventTitle": "Spread: Broncos (-8.5)"
        },
        {
          "market": "0x13d44abee2914a1e2a6b207f99b35fdf262df3562418766ecc3321385ad7e314",
          "asset": "42787132444424688330127204854700397032159215835203026833933736931216768439589",
          "side": "BUY",
          "size": 15014.21,
          "price": 0.53,
          "timestamp": 1765141435,
          "outcome": "Raiders",
          "eventSlug": "nfl-den-lv-2025-12-07",
          "eventTitle": "Spread: Broncos (-8.5)"
        },
        {
          "market": "0x13d44abee2914a1e2a6b207f99b35fdf262df3562418766ecc3321385ad7e314",
          "asset": "42787132444424688330127204854700397032159215835203026833933736931216768439589",
          "side": "BUY",
          "size": 13165.95,
          "price": 0.53,
          "timestamp": 1765141303,
          "outcome": "Raiders",
          "eventSlug": "nfl-den-lv-2025-12-07",
          "eventTitle": "Spread: Broncos (-8.5)"
        },
        {
          "market": "0x71eccf4801edc93d25b101da68e7858633e87e3329c9c6e4b94bcc9e3d7629cd",
          "asset": "84051877467102463043195912368038572711758874356607302037688980514343769919141",
          "side": "BUY",
          "size": 29827.24,
          "price": 0.5,
          "timestamp": 1765141293,
          "outcome": "Raiders",
          "eventSlug": "nfl-den-lv-2025-12-07",
          "eventTitle": "Spread: Broncos (-7.5)"
        },
        {
          "market": "0xee04d675eaaf901167fdda0bcf547e8e5f003e2a85489943ae6c47df479d4190",
          "asset": "15982219854119555286786683709700959912092742850359293984971739473793594405694",
          "side": "BUY",
          "size": 9965.1,
          "price": 0.48,
          "timestamp": 1765140437,
          "outcome": "Cardinals",
          "eventSlug": "nfl-la-ari-2025-12-07",
          "eventTitle": "Spread: LAR (-8.5)"
        },
        {
          "market": "0xd25640cf4d4cdf40fc7f6588730a80ff19b1902f58902a76514219748842c65a",
          "asset": "54932035880679218716748269060718131350856398120085594853397430314349747880797",
          "side": "BUY",
          "size": 189652.49,
          "price": 0.22,
          "timestamp": 1765134429,
          "outcome": "Raiders",
          "eventSlug": "nfl-den-lv-2025-12-07",
          "eventTitle": "Broncos vs. Raiders"
        },
        {
          "market": "0x91d98a0f4e77f68c57aacff98418b2fae6e32e35c725ad51d79da5515f4da0db",
          "asset": "11474918219392024403617786135296192394760977817496371010150586541277689377116",
          "side": "BUY",
          "size": 1760,
          "price": 0.27,
          "timestamp": 1765134123,
          "outcome": "G2",
          "eventSlug": "cs2-g2-fal2-2025-12-07",
          "eventTitle": "Counter-Strike: G2 vs Team Falcons (BO3)"
        },
        {
          "market": "0x91d98a0f4e77f68c57aacff98418b2fae6e32e35c725ad51d79da5515f4da0db",
          "asset": "11474918219392024403617786135296192394760977817496371010150586541277689377116",
          "side": "SELL",
          "size": 34062.42,
          "price": 0.26,
          "timestamp": 1765133353,
          "outcome": "G2",
          "eventSlug": "cs2-g2-fal2-2025-12-07",
          "eventTitle": "Counter-Strike: G2 vs Team Falcons (BO3)"
        },
        {
          "market": "0x70e64fbc50b7ae33b9b409d5302a5a920f2a39eca2d1c582970c75b58556884d",
          "asset": "28088894793576591365754110852221855247039189241642877116427486810082128427600",
          "side": "BUY",
          "size": 49409,
          "price": 0.57,
          "timestamp": 1765130439,
          "outcome": "Colts",
          "eventSlug": "nfl-ind-jax-2025-12-07",
          "eventTitle": "Colts vs. Jaguars"
        },
        {
          "market": "0x6eeb729a7a70a96d9826c5f04852bb38702653a263c90d1b7053f6f44f4f828c",
          "asset": "31342047363975699378322759861661406179456772960991551150398231922372338002908",
          "side": "BUY",
          "size": 95314.48,
          "price": 0.5,
          "timestamp": 1765130389,
          "outcome": "Falcons",
          "eventSlug": "nfl-sea-atl-2025-12-07",
          "eventTitle": "Spread: Seahawks (-6.5)"
        },
        {
          "market": "0x07fdb434a81996e35e05aeb4d7e8d9f79866a6ed435282489b50c9a781c0734a",
          "asset": "114275732512524632281168619582928768074383198761925467804087432025991808696004",
          "side": "BUY",
          "size": 818597.26,
          "price": 0.27,
          "timestamp": 1765130367,
          "outcome": "Falcons",
          "eventSlug": "nfl-sea-atl-2025-12-07",
          "eventTitle": "Seahawks vs. Falcons"
        },
        {
          "market": "0x8a3b6a72cb67360355ae39548c2c6315c621e5365ec5db313affbe67d5a9a658",
          "asset": "21565340566819129408679338993460565460270016245226727868807578393968385082479",
          "side": "SELL",
          "size": 30947.54,
          "price": 0.57,
          "timestamp": 1765129935,
          "outcome": "Dolphins",
          "eventSlug": "nfl-mia-nyj-2025-12-07",
          "eventTitle": "Dolphins vs. Jets"
        },
        {
          "market": "0x32f6ba955394acf63cac643c18169df0b39ac0c7f18855e528ae109e03de3b33",
          "asset": "59989954644653485641306008157178653923047644974983496617746793692436590421048",
          "side": "SELL",
          "size": 3714.5,
          "price": 0.52,
          "timestamp": 1765129907,
          "outcome": "Packers",
          "eventSlug": "nfl-chi-gb-2025-12-07",
          "eventTitle": "Spread: Packers (-6.5)"
        },
        {
          "market": "0xe7aa655c5b36c563c2388a1ad2aee7e82c096a4ebe6ce0faa5389516593efb17",
          "asset": "109007543191966761352879180997400951391936026410100880456819675431819785662896",
          "side": "SELL",
          "size": 50280.07,
          "price": 0.73,
          "timestamp": 1765129895,
          "outcome": "Packers",
          "eventSlug": "nfl-chi-gb-2025-12-07",
          "eventTitle": "Bears vs. Packers"
        },
        {
          "market": "0xa6306a4dc9e38a6a670a0f6806eb60414cb6a34ac75122a46470d21e91d5b1c9",
          "asset": "6616705927080033135486700073446736164709629656255759347302290662276415285021",
          "side": "SELL",
          "size": 312990.45,
          "price": 0.71,
          "timestamp": 1765129853,
          "outcome": "Ravens",
          "eventSlug": "nfl-pit-bal-2025-12-07",
          "eventTitle": "Steelers vs. Ravens"
        },
        {
          "market": "0x952a3a500d15c86ba4d8f98e03c4eb1af78c64744d4a57b78a9606ffd9cd91f7",
          "asset": "58708685961586082680736962965198449778723558361866013789183674493411829577434",
          "side": "SELL",
          "size": 24328.29,
          "price": 0.51,
          "timestamp": 1765129841,
          "outcome": "Ravens",
          "eventSlug": "nfl-pit-bal-2025-12-07",
          "eventTitle": "Spread: Ravens (-5.5)"
        },
        {
          "market": "0xf3cf254d616431b7610c0829d5b26c06cd33b3123dbfd59e75c98072b5c6be74",
          "asset": "17992792905693433437411848402224838431827191137923115627634621974781692580619",
          "side": "BUY",
          "size": 94116.74,
          "price": 0.51,
          "timestamp": 1765129665,
          "outcome": "Vikings",
          "eventSlug": "nfl-was-min-2025-12-07",
          "eventTitle": "Commanders vs. Vikings"
        },
        {
          "market": "0x952a3a500d15c86ba4d8f98e03c4eb1af78c64744d4a57b78a9606ffd9cd91f7",
          "asset": "58708685961586082680736962965198449778723558361866013789183674493411829577434",
          "side": "SELL",
          "size": 423.97,
          "price": 0.52,
          "timestamp": 1765129645,
          "outcome": "Ravens",
          "eventSlug": "nfl-pit-bal-2025-12-07",
          "eventTitle": "Spread: Ravens (-5.5)"
        },
        {
          "market": "0x8a3b6a72cb67360355ae39548c2c6315c621e5365ec5db313affbe67d5a9a658",
          "asset": "21565340566819129408679338993460565460270016245226727868807578393968385082479",
          "side": "BUY",
          "size": 55270.47,
          "price": 0.57,
          "timestamp": 1765129555,
          "outcome": "Dolphins",
          "eventSlug": "nfl-mia-nyj-2025-12-07",
          "eventTitle": "Dolphins vs. Jets"
        },
        {
          "market": "0x70e64fbc50b7ae33b9b409d5302a5a920f2a39eca2d1c582970c75b58556884d",
          "asset": "28088894793576591365754110852221855247039189241642877116427486810082128427600",
          "side": "BUY",
          "size": 23739,
          "price": 0.57,
          "timestamp": 1765128457,
          "outcome": "Colts",
          "eventSlug": "nfl-ind-jax-2025-12-07",
          "eventTitle": "Colts vs. Jaguars"
        },
        {
          "market": "0x70e64fbc50b7ae33b9b409d5302a5a920f2a39eca2d1c582970c75b58556884d",
          "asset": "28088894793576591365754110852221855247039189241642877116427486810082128427600",
          "side": "BUY",
          "size": 22411,
          "price": 0.57,
          "timestamp": 1765128447,
          "outcome": "Colts",
          "eventSlug": "nfl-ind-jax-2025-12-07",
          "eventTitle": "Colts vs. Jaguars"
        },
        {
          "market": "0x70e64fbc50b7ae33b9b409d5302a5a920f2a39eca2d1c582970c75b58556884d",
          "asset": "28088894793576591365754110852221855247039189241642877116427486810082128427600",
          "side": "BUY",
          "size": 113647,
          "price": 0.57,
          "timestamp": 1765128445,
          "outcome": "Colts",
          "eventSlug": "nfl-ind-jax-2025-12-07",
          "eventTitle": "Colts vs. Jaguars"
        },
        {
          "market": "0x70726bbaee1aef2505e357100ef4ddaf709d99f7e7038eb495cee438436de36e",
          "asset": "131270916164833527677867849803727935523774457478810890733593145822074501019",
          "side": "BUY",
          "size": 40844.45,
          "price": 0.51,
          "timestamp": 1765128375,
          "outcome": "Colts",
          "eventSlug": "nfl-ind-jax-2025-12-07",
          "eventTitle": "Spread: Colts (-2.5)"
        },
        {
          "market": "0xa6306a4dc9e38a6a670a0f6806eb60414cb6a34ac75122a46470d21e91d5b1c9",
          "asset": "6616705927080033135486700073446736164709629656255759347302290662276415285021",
          "side": "BUY",
          "size": 1367.16,
          "price": 0.71,
          "timestamp": 1765128227,
          "outcome": "Ravens",
          "eventSlug": "nfl-pit-bal-2025-12-07",
          "eventTitle": "Steelers vs. Ravens"
        },
        {
          "market": "0x70e64fbc50b7ae33b9b409d5302a5a920f2a39eca2d1c582970c75b58556884d",
          "asset": "28088894793576591365754110852221855247039189241642877116427486810082128427600",
          "side": "BUY",
          "size": 1398.66,
          "price": 0.56,
          "timestamp": 1765128169,
          "outcome": "Colts",
          "eventSlug": "nfl-ind-jax-2025-12-07",
          "eventTitle": "Colts vs. Jaguars"
        },
        {
          "market": "0x07fdb434a81996e35e05aeb4d7e8d9f79866a6ed435282489b50c9a781c0734a",
          "asset": "114275732512524632281168619582928768074383198761925467804087432025991808696004",
          "side": "BUY",
          "size": 2926.48,
          "price": 0.27,
          "timestamp": 1765125981,
          "outcome": "Falcons",
          "eventSlug": "nfl-sea-atl-2025-12-07",
          "eventTitle": "Seahawks vs. Falcons"
        },
        {
          "market": "0x07fdb434a81996e35e05aeb4d7e8d9f79866a6ed435282489b50c9a781c0734a",
          "asset": "114275732512524632281168619582928768074383198761925467804087432025991808696004",
          "side": "BUY",
          "size": 321578.21,
          "price": 0.27,
          "timestamp": 1765125975,
          "outcome": "Falcons",
          "eventSlug": "nfl-sea-atl-2025-12-07",
          "eventTitle": "Seahawks vs. Falcons"
        },
        {
          "market": "0x70e64fbc50b7ae33b9b409d5302a5a920f2a39eca2d1c582970c75b58556884d",
          "asset": "28088894793576591365754110852221855247039189241642877116427486810082128427600",
          "side": "BUY",
          "size": 31033.74,
          "price": 0.55,
          "timestamp": 1765124731,
          "outcome": "Colts",
          "eventSlug": "nfl-ind-jax-2025-12-07",
          "eventTitle": "Colts vs. Jaguars"
        },
        {
          "market": "0x70e64fbc50b7ae33b9b409d5302a5a920f2a39eca2d1c582970c75b58556884d",
          "asset": "6133243779863820063815215714399399270395775105498705074374909075195879088694",
          "side": "SELL",
          "size": 12807.78,
          "price": 0.45,
          "timestamp": 1765124719,
          "outcome": "Jaguars",
          "eventSlug": "nfl-ind-jax-2025-12-07",
          "eventTitle": "Colts vs. Jaguars"
        },
        {
          "market": "0x70e64fbc50b7ae33b9b409d5302a5a920f2a39eca2d1c582970c75b58556884d",
          "asset": "28088894793576591365754110852221855247039189241642877116427486810082128427600",
          "side": "BUY",
          "size": 450,
          "price": 0.54,
          "timestamp": 1765124627,
          "outcome": "Colts",
          "eventSlug": "nfl-ind-jax-2025-12-07",
          "eventTitle": "Colts vs. Jaguars"
        },
        {
          "market": "0x70e64fbc50b7ae33b9b409d5302a5a920f2a39eca2d1c582970c75b58556884d",
          "asset": "28088894793576591365754110852221855247039189241642877116427486810082128427600",
          "side": "BUY",
          "size": 328085.02,
          "price": 0.54,
          "timestamp": 1765124621,
          "outcome": "Colts",
          "eventSlug": "nfl-ind-jax-2025-12-07",
          "eventTitle": "Colts vs. Jaguars"
        },
        {
          "market": "0x6eeb729a7a70a96d9826c5f04852bb38702653a263c90d1b7053f6f44f4f828c",
          "asset": "31342047363975699378322759861661406179456772960991551150398231922372338002908",
          "side": "BUY",
          "size": 144667.24,
          "price": 0.5,
          "timestamp": 1765123701,
          "outcome": "Falcons",
          "eventSlug": "nfl-sea-atl-2025-12-07",
          "eventTitle": "Spread: Seahawks (-6.5)"
        },
        {
          "market": "0x07fdb434a81996e35e05aeb4d7e8d9f79866a6ed435282489b50c9a781c0734a",
          "asset": "114275732512524632281168619582928768074383198761925467804087432025991808696004",
          "side": "BUY",
          "size": 50818.84,
          "price": 0.26,
          "timestamp": 1765123691,
          "outcome": "Falcons",
          "eventSlug": "nfl-sea-atl-2025-12-07",
          "eventTitle": "Seahawks vs. Falcons"
        },
        {
          "market": "0xa6306a4dc9e38a6a670a0f6806eb60414cb6a34ac75122a46470d21e91d5b1c9",
          "asset": "6616705927080033135486700073446736164709629656255759347302290662276415285021",
          "side": "SELL",
          "size": 49797.66,
          "price": 0.71,
          "timestamp": 1765122315,
          "outcome": "Ravens",
          "eventSlug": "nfl-pit-bal-2025-12-07",
          "eventTitle": "Steelers vs. Ravens"
        },
        {
          "market": "0x6e4e84898380015e8acfc7846e181268888e85c53c3ad113aba818da01ab0768",
          "asset": "68061145116050487592696391683545067630491374827028557718565008151775506467729",
          "side": "BUY",
          "size": 81204.25,
          "price": 0.49,
          "timestamp": 1765121675,
          "outcome": "Jaguars",
          "eventSlug": "nfl-ind-jax-2025-12-07",
          "eventTitle": "Spread: Colts (-1.5)"
        },
        {
          "market": "0x2d862d0ae6e7abce0adb9c116e769e2e9c6af7050f48adcccf45c9a8b4c182a0",
          "asset": "3683632643504041338618490122011551373679745709196417439043187499441467778137",
          "side": "BUY",
          "size": 16310.26,
          "price": 0.21,
          "timestamp": 1765120999,
          "outcome": "Saints",
          "eventSlug": "nfl-no-tb-2025-12-07",
          "eventTitle": "Saints vs. Buccaneers"
        },
        {
          "market": "0x6eeb729a7a70a96d9826c5f04852bb38702653a263c90d1b7053f6f44f4f828c",
          "asset": "31342047363975699378322759861661406179456772960991551150398231922372338002908",
          "side": "SELL",
          "size": 1867.45,
          "price": 0.49,
          "timestamp": 1765120795,
          "outcome": "Falcons",
          "eventSlug": "nfl-sea-atl-2025-12-07",
          "eventTitle": "Spread: Seahawks (-6.5)"
        },
        {
          "market": "0x07fdb434a81996e35e05aeb4d7e8d9f79866a6ed435282489b50c9a781c0734a",
          "asset": "114275732512524632281168619582928768074383198761925467804087432025991808696004",
          "side": "SELL",
          "size": 38535.54,
          "price": 0.26,
          "timestamp": 1765120767,
          "outcome": "Falcons",
          "eventSlug": "nfl-sea-atl-2025-12-07",
          "eventTitle": "Seahawks vs. Falcons"
        },
        {
          "market": "0xed4f4efc641b2cc65d172115527298780c2763e38392411080446d00624de188",
          "asset": "98356217078946559304776425059619763149078508549007892630440851408503070133487",
          "side": "BUY",
          "size": 1688.45,
          "price": 0.25,
          "timestamp": 1765118967,
          "outcome": "B8",
          "eventSlug": "cs2-b8-navi-2025-12-07",
          "eventTitle": "Counter-Strike: B8 vs Natus Vincere - Map 2 Winner"
        },
        {
          "market": "0xc966a72e4a978860a9e0032fd5b37348cb551fb0a51cd89042e8f529d2f6be7f",
          "asset": "11622445507274979699411923985172998854895229588262506556116692168867735485063",
          "side": "BUY",
          "size": 10000,
          "price": 0.29,
          "timestamp": 1765116039,
          "outcome": "B8",
          "eventSlug": "cs2-b8-navi-2025-12-07",
          "eventTitle": "Counter-Strike: B8 vs Natus Vincere (BO3)"
        },
        {
          "market": "0xc966a72e4a978860a9e0032fd5b37348cb551fb0a51cd89042e8f529d2f6be7f",
          "asset": "11622445507274979699411923985172998854895229588262506556116692168867735485063",
          "side": "BUY",
          "size": 5054.11,
          "price": 0.29,
          "timestamp": 1765116015,
          "outcome": "B8",
          "eventSlug": "cs2-b8-navi-2025-12-07",
          "eventTitle": "Counter-Strike: B8 vs Natus Vincere (BO3)"
        },
        {
          "market": "0xc966a72e4a978860a9e0032fd5b37348cb551fb0a51cd89042e8f529d2f6be7f",
          "asset": "11622445507274979699411923985172998854895229588262506556116692168867735485063",
          "side": "BUY",
          "size": 2000,
          "price": 0.29,
          "timestamp": 1765115999,
          "outcome": "B8",
          "eventSlug": "cs2-b8-navi-2025-12-07",
          "eventTitle": "Counter-Strike: B8 vs Natus Vincere (BO3)"
        },
        {
          "market": "0xc966a72e4a978860a9e0032fd5b37348cb551fb0a51cd89042e8f529d2f6be7f",
          "asset": "11622445507274979699411923985172998854895229588262506556116692168867735485063",
          "side": "BUY",
          "size": 75283.56,
          "price": 0.29,
          "timestamp": 1765115991,
          "outcome": "B8",
          "eventSlug": "cs2-b8-navi-2025-12-07",
          "eventTitle": "Counter-Strike: B8 vs Natus Vincere (BO3)"
        },
        {
          "market": "0xa6306a4dc9e38a6a670a0f6806eb60414cb6a34ac75122a46470d21e91d5b1c9",
          "asset": "6616705927080033135486700073446736164709629656255759347302290662276415285021",
          "side": "BUY",
          "size": 21077.85,
          "price": 0.71,
          "timestamp": 1765113197,
          "outcome": "Ravens",
          "eventSlug": "nfl-pit-bal-2025-12-07",
          "eventTitle": "Steelers vs. Ravens"
        },
        {
          "market": "0x07fdb434a81996e35e05aeb4d7e8d9f79866a6ed435282489b50c9a781c0734a",
          "asset": "114275732512524632281168619582928768074383198761925467804087432025991808696004",
          "side": "BUY",
          "size": 77048.13,
          "price": 0.26,
          "timestamp": 1765112797,
          "outcome": "Falcons",
          "eventSlug": "nfl-sea-atl-2025-12-07",
          "eventTitle": "Seahawks vs. Falcons"
        },
        {
          "market": "0xc966a72e4a978860a9e0032fd5b37348cb551fb0a51cd89042e8f529d2f6be7f",
          "asset": "11622445507274979699411923985172998854895229588262506556116692168867735485063",
          "side": "BUY",
          "size": 23027,
          "price": 0.28,
          "timestamp": 1765110553,
          "outcome": "B8",
          "eventSlug": "cs2-b8-navi-2025-12-07",
          "eventTitle": "Counter-Strike: B8 vs Natus Vincere (BO3)"
        },
        {
          "market": "0xc966a72e4a978860a9e0032fd5b37348cb551fb0a51cd89042e8f529d2f6be7f",
          "asset": "11622445507274979699411923985172998854895229588262506556116692168867735485063",
          "side": "SELL",
          "size": 300,
          "price": 0.28,
          "timestamp": 1765108669,
          "outcome": "B8",
          "eventSlug": "cs2-b8-navi-2025-12-07",
          "eventTitle": "Counter-Strike: B8 vs Natus Vincere (BO3)"
        },
        {
          "market": "0x952a3a500d15c86ba4d8f98e03c4eb1af78c64744d4a57b78a9606ffd9cd91f7",
          "asset": "56240486315600118024487219760761410615766455132285886079637299038502101864168",
          "side": "BUY",
          "size": 647.31,
          "price": 0.48,
          "timestamp": 1765105557,
          "outcome": "Steelers",
          "eventSlug": "nfl-pit-bal-2025-12-07",
          "eventTitle": "Spread: Ravens (-5.5)"
        },
        {
          "market": "0xc966a72e4a978860a9e0032fd5b37348cb551fb0a51cd89042e8f529d2f6be7f",
          "asset": "11622445507274979699411923985172998854895229588262506556116692168867735485063",
          "side": "BUY",
          "size": 611.85,
          "price": 0.28,
          "timestamp": 1765100421,
          "outcome": "B8",
          "eventSlug": "cs2-b8-navi-2025-12-07",
          "eventTitle": "Counter-Strike: B8 vs Natus Vincere (BO3)"
        },
        {
          "market": "0x91d98a0f4e77f68c57aacff98418b2fae6e32e35c725ad51d79da5515f4da0db",
          "asset": "11474918219392024403617786135296192394760977817496371010150586541277689377116",
          "side": "BUY",
          "size": 4652.68,
          "price": 0.27,
          "timestamp": 1765097387,
          "outcome": "G2",
          "eventSlug": "cs2-g2-fal2-2025-12-07",
          "eventTitle": "Counter-Strike: G2 vs Team Falcons (BO3)"
        },
        {
          "market": "0x91d98a0f4e77f68c57aacff98418b2fae6e32e35c725ad51d79da5515f4da0db",
          "asset": "11474918219392024403617786135296192394760977817496371010150586541277689377116",
          "side": "SELL",
          "size": 80.13,
          "price": 0.26,
          "timestamp": 1765093483,
          "outcome": "G2",
          "eventSlug": "cs2-g2-fal2-2025-12-07",
          "eventTitle": "Counter-Strike: G2 vs Team Falcons (BO3)"
        },
        {
          "market": "0xb9f9f26e7cbcec608bb8175775682fa352fad3f0180a7993190d8849902ba7ba",
          "asset": "16755830800083735757155820818028114406396365119181127300472741780722274117847",
          "side": "BUY",
          "size": 2388.95,
          "price": 0.29,
          "timestamp": 1765090497,
          "outcome": "Team Yandex",
          "eventSlug": "dota2-ty-tundra-2025-12-07",
          "eventTitle": "Dota 2: Team Yandex vs Tundra Esports (BO5)"
        },
        {
          "market": "0xb9f9f26e7cbcec608bb8175775682fa352fad3f0180a7993190d8849902ba7ba",
          "asset": "16755830800083735757155820818028114406396365119181127300472741780722274117847",
          "side": "BUY",
          "size": 758.27,
          "price": 0.28,
          "timestamp": 1765090173,
          "outcome": "Team Yandex",
          "eventSlug": "dota2-ty-tundra-2025-12-07",
          "eventTitle": "Dota 2: Team Yandex vs Tundra Esports (BO5)"
        },
        {
          "market": "0xd25640cf4d4cdf40fc7f6588730a80ff19b1902f58902a76514219748842c65a",
          "asset": "54932035880679218716748269060718131350856398120085594853397430314349747880797",
          "side": "SELL",
          "size": 16151.34,
          "price": 0.21,
          "timestamp": 1765090061,
          "outcome": "Raiders",
          "eventSlug": "nfl-den-lv-2025-12-07",
          "eventTitle": "Broncos vs. Raiders"
        },
        {
          "market": "0x07fdb434a81996e35e05aeb4d7e8d9f79866a6ed435282489b50c9a781c0734a",
          "asset": "114275732512524632281168619582928768074383198761925467804087432025991808696004",
          "side": "BUY",
          "size": 2916.43,
          "price": 0.25,
          "timestamp": 1765052161,
          "outcome": "Falcons",
          "eventSlug": "nfl-sea-atl-2025-12-07",
          "eventTitle": "Seahawks vs. Falcons"
        },
        {
          "market": "0x7c48a1591fa537d9f6f66ed1979ddcf81c32956ab3d6bc50f765182ac3e3619f",
          "asset": "101289874290502129656854558920565377741419032012953186102565738560710774749010",
          "side": "BUY",
          "size": 300,
          "price": 0.44,
          "timestamp": 1765051813,
          "outcome": "3DMAX",
          "eventSlug": "cs2-3dmax-faze-2025-12-06",
          "eventTitle": "Counter-Strike: 3DMAX vs FaZe - Map 2 Winner"
        },
        {
          "market": "0x8616140ca8b99cfb9223c4ef071c25e3856ece4154e2cd10de7470fd354ae940",
          "asset": "108396751459822194697947094496535389134738581612799674194291726294364198023120",
          "side": "BUY",
          "size": 15.13,
          "price": 0.38,
          "timestamp": 1765048929,
          "outcome": "3DMAX",
          "eventSlug": "cs2-3dmax-faze-2025-12-06",
          "eventTitle": "Counter-Strike: 3DMAX vs FaZe (BO3)"
        },
        {
          "market": "0x2754c882180ab06876c532931adc16c441fd1291bb8a291548e76d0554daeaa4",
          "asset": "49974105565385124058424849312853810507814934806418113183879011373791298101765",
          "side": "BUY",
          "size": 16071,
          "price": 0.49,
          "timestamp": 1765039485,
          "outcome": "Imperial",
          "eventSlug": "cs2-pssnua-imp11-2025-12-06",
          "eventTitle": "Counter-Strike: Passion UA vs Imperial (BO3)"
        },
        {
          "market": "0xad3a726bb99b5fc43c88e6c5ad190e5af6311ec541a7484b94448a661e354255",
          "asset": "97188051876467161639987989078155269964215002348816731512341484002675977394243",
          "side": "BUY",
          "size": 43088.46,
          "price": 0.41909708074969493,
          "timestamp": 1765039079,
          "outcome": "MOUZ",
          "eventSlug": "cs2-mouz-fal2-2025-12-06",
          "eventTitle": "Counter-Strike: MOUZ vs Team Falcons (BO3)"
        },
        {
          "market": "0xad3a726bb99b5fc43c88e6c5ad190e5af6311ec541a7484b94448a661e354255",
          "asset": "97188051876467161639987989078155269964215002348816731512341484002675977394243",
          "side": "BUY",
          "size": 5987,
          "price": 0.41,
          "timestamp": 1765039023,
          "outcome": "MOUZ",
          "eventSlug": "cs2-mouz-fal2-2025-12-06",
          "eventTitle": "Counter-Strike: MOUZ vs Team Falcons (BO3)"
        },
        {
          "market": "0xad3a726bb99b5fc43c88e6c5ad190e5af6311ec541a7484b94448a661e354255",
          "asset": "97188051876467161639987989078155269964215002348816731512341484002675977394243",
          "side": "BUY",
          "size": 6951.32,
          "price": 0.41,
          "timestamp": 1765038833,
          "outcome": "MOUZ",
          "eventSlug": "cs2-mouz-fal2-2025-12-06",
          "eventTitle": "Counter-Strike: MOUZ vs Team Falcons (BO3)"
        },
        {
          "market": "0xad3a726bb99b5fc43c88e6c5ad190e5af6311ec541a7484b94448a661e354255",
          "asset": "97188051876467161639987989078155269964215002348816731512341484002675977394243",
          "side": "BUY",
          "size": 6821.34,
          "price": 0.41,
          "timestamp": 1765038815,
          "outcome": "MOUZ",
          "eventSlug": "cs2-mouz-fal2-2025-12-06",
          "eventTitle": "Counter-Strike: MOUZ vs Team Falcons (BO3)"
        },
        {
          "market": "0xad3a726bb99b5fc43c88e6c5ad190e5af6311ec541a7484b94448a661e354255",
          "asset": "97188051876467161639987989078155269964215002348816731512341484002675977394243",
          "side": "BUY",
          "size": 10000,
          "price": 0.41,
          "timestamp": 1765038787,
          "outcome": "MOUZ",
          "eventSlug": "cs2-mouz-fal2-2025-12-06",
          "eventTitle": "Counter-Strike: MOUZ vs Team Falcons (BO3)"
        },
        {
          "market": "0xad3a726bb99b5fc43c88e6c5ad190e5af6311ec541a7484b94448a661e354255",
          "asset": "97188051876467161639987989078155269964215002348816731512341484002675977394243",
          "side": "BUY",
          "size": 25897.67,
          "price": 0.4,
          "timestamp": 1765037813,
          "outcome": "MOUZ",
          "eventSlug": "cs2-mouz-fal2-2025-12-06",
          "eventTitle": "Counter-Strike: MOUZ vs Team Falcons (BO3)"
        },
        {
          "market": "0x2754c882180ab06876c532931adc16c441fd1291bb8a291548e76d0554daeaa4",
          "asset": "49974105565385124058424849312853810507814934806418113183879011373791298101765",
          "side": "BUY",
          "size": 29985,
          "price": 0.49,
          "timestamp": 1765036359,
          "outcome": "Imperial",
          "eventSlug": "cs2-pssnua-imp11-2025-12-06",
          "eventTitle": "Counter-Strike: Passion UA vs Imperial (BO3)"
        },
        {
          "market": "0x2754c882180ab06876c532931adc16c441fd1291bb8a291548e76d0554daeaa4",
          "asset": "49974105565385124058424849312853810507814934806418113183879011373791298101765",
          "side": "BUY",
          "size": 33367,
          "price": 0.49,
          "timestamp": 1765036149,
          "outcome": "Imperial",
          "eventSlug": "cs2-pssnua-imp11-2025-12-06",
          "eventTitle": "Counter-Strike: Passion UA vs Imperial (BO3)"
        },
        {
          "market": "0x07fdb434a81996e35e05aeb4d7e8d9f79866a6ed435282489b50c9a781c0734a",
          "asset": "114275732512524632281168619582928768074383198761925467804087432025991808696004",
          "side": "BUY",
          "size": 8290.36,
          "price": 0.25,
          "timestamp": 1765034895,
          "outcome": "Falcons",
          "eventSlug": "nfl-sea-atl-2025-12-07",
          "eventTitle": "Seahawks vs. Falcons"
        },
        {
          "market": "0xa98ca66009447533dc894c7aeda98655ddf7b1063fb14435bbd0a931d6071c45",
          "asset": "18492706576532185770015117257952305593935958247114801119126181718788982207296",
          "side": "BUY",
          "size": 4831.49,
          "price": 0.6,
          "timestamp": 1765033373,
          "outcome": "Vitality",
          "eventSlug": "cs2-navi-vit-2025-12-06",
          "eventTitle": "Counter-Strike: Natus Vincere vs Vitality - Map 2 Winner"
        },
        {
          "market": "0xad3a726bb99b5fc43c88e6c5ad190e5af6311ec541a7484b94448a661e354255",
          "asset": "97188051876467161639987989078155269964215002348816731512341484002675977394243",
          "side": "SELL",
          "size": 1280,
          "price": 0.41,
          "timestamp": 1765032975,
          "outcome": "MOUZ",
          "eventSlug": "cs2-mouz-fal2-2025-12-06",
          "eventTitle": "Counter-Strike: MOUZ vs Team Falcons (BO3)"
        },
        {
          "market": "0x8616140ca8b99cfb9223c4ef071c25e3856ece4154e2cd10de7470fd354ae940",
          "asset": "108396751459822194697947094496535389134738581612799674194291726294364198023120",
          "side": "BUY",
          "size": 571.15,
          "price": 0.41,
          "timestamp": 1765030173,
          "outcome": "3DMAX",
          "eventSlug": "cs2-3dmax-faze-2025-12-06",
          "eventTitle": "Counter-Strike: 3DMAX vs FaZe (BO3)"
        },
        {
          "market": "0xad3a726bb99b5fc43c88e6c5ad190e5af6311ec541a7484b94448a661e354255",
          "asset": "97188051876467161639987989078155269964215002348816731512341484002675977394243",
          "side": "BUY",
          "size": 235,
          "price": 0.41,
          "timestamp": 1765029599,
          "outcome": "MOUZ",
          "eventSlug": "cs2-mouz-fal2-2025-12-06",
          "eventTitle": "Counter-Strike: MOUZ vs Team Falcons (BO3)"
        },
        {
          "market": "0xad3a726bb99b5fc43c88e6c5ad190e5af6311ec541a7484b94448a661e354255",
          "asset": "97188051876467161639987989078155269964215002348816731512341484002675977394243",
          "side": "SELL",
          "size": 440,
          "price": 0.41,
          "timestamp": 1765029515,
          "outcome": "MOUZ",
          "eventSlug": "cs2-mouz-fal2-2025-12-06",
          "eventTitle": "Counter-Strike: MOUZ vs Team Falcons (BO3)"
        },
        {
          "market": "0x9fefc9bfde6aacef3043c354ddf418f19fd721e661b72e46eec0433846bf51c3",
          "asset": "24148143677379864889911588944590843844045722074674644346088302746755672151591",
          "side": "BUY",
          "size": 1428.25,
          "price": 0.71,
          "timestamp": 1765029381,
          "outcome": "Vitality",
          "eventSlug": "cs2-navi-vit-2025-12-06",
          "eventTitle": "Counter-Strike: Natus Vincere vs Vitality (BO3)"
        },
        {
          "market": "0x9fefc9bfde6aacef3043c354ddf418f19fd721e661b72e46eec0433846bf51c3",
          "asset": "114841796612602760428247247098943096498835762295588798431879857550216539086698",
          "side": "BUY",
          "size": 16428.76,
          "price": 0.3,
          "timestamp": 1765029247,
          "outcome": "Natus Vincere",
          "eventSlug": "cs2-navi-vit-2025-12-06",
          "eventTitle": "Counter-Strike: Natus Vincere vs Vitality (BO3)"
        },
        {
          "market": "0xad3a726bb99b5fc43c88e6c5ad190e5af6311ec541a7484b94448a661e354255",
          "asset": "97188051876467161639987989078155269964215002348816731512341484002675977394243",
          "side": "BUY",
          "size": 5564.54,
          "price": 0.41,
          "timestamp": 1765029173,
          "outcome": "MOUZ",
          "eventSlug": "cs2-mouz-fal2-2025-12-06",
          "eventTitle": "Counter-Strike: MOUZ vs Team Falcons (BO3)"
        },
        {
          "market": "0x2754c882180ab06876c532931adc16c441fd1291bb8a291548e76d0554daeaa4",
          "asset": "49974105565385124058424849312853810507814934806418113183879011373791298101765",
          "side": "BUY",
          "size": 2213.06,
          "price": 0.47,
          "timestamp": 1765027727,
          "outcome": "Imperial",
          "eventSlug": "cs2-pssnua-imp11-2025-12-06",
          "eventTitle": "Counter-Strike: Passion UA vs Imperial (BO3)"
        },
        {
          "market": "0xad7ff81068e548f919d36f90e7db1437981a91b163d18feff2a7bcabbd940712",
          "asset": "13322094984001848305429809973798539561682726687962742686067051891165284060555",
          "side": "SELL",
          "size": 4521.65,
          "price": 0.48,
          "timestamp": 1765027627,
          "outcome": "paiN",
          "eventSlug": "cs2-b8-pain-2025-12-06",
          "eventTitle": "Counter-Strike: B8 vs paiN (BO3)"
        },
        {
          "market": "0x832d57abff152c2df8deed1b65178135f855b0946dce6d84c365e53b9c68e397",
          "asset": "73522560622990935880174757510918630386766801846429407718425990960362020756769",
          "side": "SELL",
          "size": 28125.53,
          "price": 0.49,
          "timestamp": 1765023839,
          "outcome": "No",
          "eventSlug": "epl-ast-ars-2025-12-06",
          "eventTitle": "Will Arsenal win on 2025-12-06?"
        },
        {
          "market": "0x9fefc9bfde6aacef3043c354ddf418f19fd721e661b72e46eec0433846bf51c3",
          "asset": "114841796612602760428247247098943096498835762295588798431879857550216539086698",
          "side": "SELL",
          "size": 2133.01,
          "price": 0.3,
          "timestamp": 1765020093,
          "outcome": "Natus Vincere",
          "eventSlug": "cs2-navi-vit-2025-12-06",
          "eventTitle": "Counter-Strike: Natus Vincere vs Vitality (BO3)"
        },
        {
          "market": "0x9fefc9bfde6aacef3043c354ddf418f19fd721e661b72e46eec0433846bf51c3",
          "asset": "114841796612602760428247247098943096498835762295588798431879857550216539086698",
          "side": "SELL",
          "size": 15,
          "price": 0.3,
          "timestamp": 1765019999,
          "outcome": "Natus Vincere",
          "eventSlug": "cs2-navi-vit-2025-12-06",
          "eventTitle": "Counter-Strike: Natus Vincere vs Vitality (BO3)"
        },
        {
          "market": "0x9fefc9bfde6aacef3043c354ddf418f19fd721e661b72e46eec0433846bf51c3",
          "asset": "114841796612602760428247247098943096498835762295588798431879857550216539086698",
          "side": "SELL",
          "size": 15708.06,
          "price": 0.3,
          "timestamp": 1765019991,
          "outcome": "Natus Vincere",
          "eventSlug": "cs2-navi-vit-2025-12-06",
          "eventTitle": "Counter-Strike: Natus Vincere vs Vitality (BO3)"
        },
        {
          "market": "0x9fefc9bfde6aacef3043c354ddf418f19fd721e661b72e46eec0433846bf51c3",
          "asset": "114841796612602760428247247098943096498835762295588798431879857550216539086698",
          "side": "BUY",
          "size": 3333,
          "price": 0.3,
          "timestamp": 1765016399,
          "outcome": "Natus Vincere",
          "eventSlug": "cs2-navi-vit-2025-12-06",
          "eventTitle": "Counter-Strike: Natus Vincere vs Vitality (BO3)"
        },
        {
          "market": "0x9fefc9bfde6aacef3043c354ddf418f19fd721e661b72e46eec0433846bf51c3",
          "asset": "114841796612602760428247247098943096498835762295588798431879857550216539086698",
          "side": "BUY",
          "size": 12712,
          "price": 0.3,
          "timestamp": 1765016333,
          "outcome": "Natus Vincere",
          "eventSlug": "cs2-navi-vit-2025-12-06",
          "eventTitle": "Counter-Strike: Natus Vincere vs Vitality (BO3)"
        },
        {
          "market": "0x9fefc9bfde6aacef3043c354ddf418f19fd721e661b72e46eec0433846bf51c3",
          "asset": "114841796612602760428247247098943096498835762295588798431879857550216539086698",
          "side": "BUY",
          "size": 1063.61,
          "price": 0.29,
          "timestamp": 1765013967,
          "outcome": "Natus Vincere",
          "eventSlug": "cs2-navi-vit-2025-12-06",
          "eventTitle": "Counter-Strike: Natus Vincere vs Vitality (BO3)"
        },
        {
          "market": "0x875ccb494618e14d36327b28a44f606f2caedc5ced27883c5574c3f94630d00a",
          "asset": "85390270360510733281893882165868082652522079882712187700751572926684989069531",
          "side": "BUY",
          "size": 3150,
          "price": 0.64,
          "timestamp": 1765013317,
          "outcome": "G2",
          "eventSlug": "cs2-g2-mglz-2025-12-06",
          "eventTitle": "Counter-Strike: G2 vs TheMongolz (BO3)"
        },
        {
          "market": "0x8616140ca8b99cfb9223c4ef071c25e3856ece4154e2cd10de7470fd354ae940",
          "asset": "108396751459822194697947094496535389134738581612799674194291726294364198023120",
          "side": "BUY",
          "size": 1401,
          "price": 0.39,
          "timestamp": 1765013257,
          "outcome": "3DMAX",
          "eventSlug": "cs2-3dmax-faze-2025-12-06",
          "eventTitle": "Counter-Strike: 3DMAX vs FaZe (BO3)"
        },
        {
          "market": "0xad7ff81068e548f919d36f90e7db1437981a91b163d18feff2a7bcabbd940712",
          "asset": "44501687753660755293298061151485239546233570380532879005216913543679772731919",
          "side": "SELL",
          "size": 5270,
          "price": 0.52,
          "timestamp": 1765010587,
          "outcome": "B8",
          "eventSlug": "cs2-b8-pain-2025-12-06",
          "eventTitle": "Counter-Strike: B8 vs paiN (BO3)"
        },
        {
          "market": "0x3f18a450d996fb4eea4fefcffc855c6dc056e493af502b11b40ff3a189d27cac",
          "asset": "103567287837445677703366592480348319520102575453241863797296566507615073519098",
          "side": "BUY",
          "size": 500,
          "price": 0.39,
          "timestamp": 1765010211,
          "outcome": "MOUZ",
          "eventSlug": "dota2-mouz-tundra-2025-12-06",
          "eventTitle": "Dota 2: MOUZ vs Tundra Esports (BO3)"
        },
        {
          "market": "0x875ccb494618e14d36327b28a44f606f2caedc5ced27883c5574c3f94630d00a",
          "asset": "85390270360510733281893882165868082652522079882712187700751572926684989069531",
          "side": "BUY",
          "size": 65519.24,
          "price": 0.63,
          "timestamp": 1765009919,
          "outcome": "G2",
          "eventSlug": "cs2-g2-mglz-2025-12-06",
          "eventTitle": "Counter-Strike: G2 vs TheMongolz (BO3)"
        },
        {
          "market": "0x875ccb494618e14d36327b28a44f606f2caedc5ced27883c5574c3f94630d00a",
          "asset": "85390270360510733281893882165868082652522079882712187700751572926684989069531",
          "side": "BUY",
          "size": 1496.16,
          "price": 0.64,
          "timestamp": 1765008343,
          "outcome": "G2",
          "eventSlug": "cs2-g2-mglz-2025-12-06",
          "eventTitle": "Counter-Strike: G2 vs TheMongolz (BO3)"
        },
        {
          "market": "0x875ccb494618e14d36327b28a44f606f2caedc5ced27883c5574c3f94630d00a",
          "asset": "85390270360510733281893882165868082652522079882712187700751572926684989069531",
          "side": "BUY",
          "size": 16000,
          "price": 0.6324773,
          "timestamp": 1765008335,
          "outcome": "G2",
          "eventSlug": "cs2-g2-mglz-2025-12-06",
          "eventTitle": "Counter-Strike: G2 vs TheMongolz (BO3)"
        },
        {
          "market": "0xe7aa655c5b36c563c2388a1ad2aee7e82c096a4ebe6ce0faa5389516593efb17",
          "asset": "109007543191966761352879180997400951391936026410100880456819675431819785662896",
          "side": "BUY",
          "size": 3009.75,
          "price": 0.73,
          "timestamp": 1765006519,
          "outcome": "Packers",
          "eventSlug": "nfl-chi-gb-2025-12-07",
          "eventTitle": "Bears vs. Packers"
        },
        {
          "market": "0x875ccb494618e14d36327b28a44f606f2caedc5ced27883c5574c3f94630d00a",
          "asset": "85390270360510733281893882165868082652522079882712187700751572926684989069531",
          "side": "BUY",
          "size": 6370.55,
          "price": 0.62,
          "timestamp": 1765005917,
          "outcome": "G2",
          "eventSlug": "cs2-g2-mglz-2025-12-06",
          "eventTitle": "Counter-Strike: G2 vs TheMongolz (BO3)"
        },
        {
          "market": "0x2469d78e18162cacf0e59e952895988fc30a95efdcbcded82b137c6fd393cd53",
          "asset": "31784432420079705433593864929613851702555331771652925430076523847648348953243",
          "side": "BUY",
          "size": 2819,
          "price": 0.4,
          "timestamp": 1764981149,
          "outcome": "Hawks",
          "eventSlug": "nba-den-atl-2025-12-05",
          "eventTitle": "Nuggets vs. Hawks"
        },
        {
          "market": "0x9eab28022d9099e6b02bdaec86da33f3c2fd7708781b0a7555e6cac72b3a8775",
          "asset": "64555482558715194603777360258570557476285073007432098293473116914362915691037",
          "side": "BUY",
          "size": 233773.13,
          "price": 0.74,
          "timestamp": 1764974665,
          "outcome": "Celtics",
          "eventSlug": "nba-lal-bos-2025-12-05",
          "eventTitle": "Lakers vs. Celtics"
        },
        {
          "market": "0x9ec7d921b311861d42eff78458078b7b19d149dbc47a968c068af223143f091c",
          "asset": "68456635347356826981629824673363443941832353035989060814724826768403062599280",
          "side": "BUY",
          "size": 1500,
          "price": 0.51,
          "timestamp": 1764959565,
          "outcome": "MOUZ",
          "eventSlug": "cs2-mouz-ts7-2025-12-05",
          "eventTitle": "Counter-Strike: MOUZ vs Spirit (BO3)"
        },
        {
          "market": "0x9ec7d921b311861d42eff78458078b7b19d149dbc47a968c068af223143f091c",
          "asset": "68456635347356826981629824673363443941832353035989060814724826768403062599280",
          "side": "BUY",
          "size": 3484.95,
          "price": 0.51,
          "timestamp": 1764959525,
          "outcome": "MOUZ",
          "eventSlug": "cs2-mouz-ts7-2025-12-05",
          "eventTitle": "Counter-Strike: MOUZ vs Spirit (BO3)"
        },
        {
          "market": "0x9ec7d921b311861d42eff78458078b7b19d149dbc47a968c068af223143f091c",
          "asset": "68456635347356826981629824673363443941832353035989060814724826768403062599280",
          "side": "BUY",
          "size": 7613.45,
          "price": 0.499266088304251,
          "timestamp": 1764959507,
          "outcome": "MOUZ",
          "eventSlug": "cs2-mouz-ts7-2025-12-05",
          "eventTitle": "Counter-Strike: MOUZ vs Spirit (BO3)"
        },
        {
          "market": "0x9ec7d921b311861d42eff78458078b7b19d149dbc47a968c068af223143f091c",
          "asset": "68456635347356826981629824673363443941832353035989060814724826768403062599280",
          "side": "BUY",
          "size": 32947,
          "price": 0.52,
          "timestamp": 1764959255,
          "outcome": "MOUZ",
          "eventSlug": "cs2-mouz-ts7-2025-12-05",
          "eventTitle": "Counter-Strike: MOUZ vs Spirit (BO3)"
        },
        {
          "market": "0x9ec7d921b311861d42eff78458078b7b19d149dbc47a968c068af223143f091c",
          "asset": "68456635347356826981629824673363443941832353035989060814724826768403062599280",
          "side": "BUY",
          "size": 105,
          "price": 0.52,
          "timestamp": 1764959223,
          "outcome": "MOUZ",
          "eventSlug": "cs2-mouz-ts7-2025-12-05",
          "eventTitle": "Counter-Strike: MOUZ vs Spirit (BO3)"
        },
        {
          "market": "0x9ec7d921b311861d42eff78458078b7b19d149dbc47a968c068af223143f091c",
          "asset": "68456635347356826981629824673363443941832353035989060814724826768403062599280",
          "side": "BUY",
          "size": 32386.15,
          "price": 0.52,
          "timestamp": 1764959171,
          "outcome": "MOUZ",
          "eventSlug": "cs2-mouz-ts7-2025-12-05",
          "eventTitle": "Counter-Strike: MOUZ vs Spirit (BO3)"
        },
        {
          "market": "0x9ec7d921b311861d42eff78458078b7b19d149dbc47a968c068af223143f091c",
          "asset": "68456635347356826981629824673363443941832353035989060814724826768403062599280",
          "side": "BUY",
          "size": 61000,
          "price": 0.5190959327868853,
          "timestamp": 1764958977,
          "outcome": "MOUZ",
          "eventSlug": "cs2-mouz-ts7-2025-12-05",
          "eventTitle": "Counter-Strike: MOUZ vs Spirit (BO3)"
        },
        {
          "market": "0x9ec7d921b311861d42eff78458078b7b19d149dbc47a968c068af223143f091c",
          "asset": "68456635347356826981629824673363443941832353035989060814724826768403062599280",
          "side": "BUY",
          "size": 97341.25,
          "price": 0.51,
          "timestamp": 1764958949,
          "outcome": "MOUZ",
          "eventSlug": "cs2-mouz-ts7-2025-12-05",
          "eventTitle": "Counter-Strike: MOUZ vs Spirit (BO3)"
        },
        {
          "market": "0x91b96eba8da26af631c15abe88a6ae310c337a2dc13ae1e93356b99a0e207f5f",
          "asset": "41791102050189735845996387121078284016417942720689756999423807469564231725053",
          "side": "BUY",
          "size": 17550,
          "price": 0.45006925356125355,
          "timestamp": 1764958185,
          "outcome": "3DMAX",
          "eventSlug": "cs2-prv-3dmax-2025-12-05",
          "eventTitle": "Counter-Strike: PARIVISION vs 3DMAX (BO3)"
        },
        {
          "market": "0xdb6b6f86f799ac1da8959617cb0d9d047f95afb729eaba7bf282603eb9adca9f",
          "asset": "44207206425500186824094497535764715542286069634867143414390571438275401316749",
          "side": "BUY",
          "size": 13,
          "price": 0.61,
          "timestamp": 1764953277,
          "outcome": "Passion UA",
          "eventSlug": "cs2-pssnua-tl1-2025-12-05",
          "eventTitle": "Counter-Strike: Passion UA vs Liquid (BO3)"
        },
        {
          "market": "0xf51203d50d2c4a4cdef92a64b7bb9905ec638592d8b4c2c98b4f6715fb34d7cd",
          "asset": "22672197750076182435104685732828312699499178229368909069779722995564228197359",
          "side": "SELL",
          "size": 15,
          "price": 0.31,
          "timestamp": 1764951857,
          "outcome": "G2",
          "eventSlug": "cs2-furia-g2-2025-12-05",
          "eventTitle": "Counter-Strike: FURIA vs G2 (BO3)"
        },
        {
          "market": "0xf51203d50d2c4a4cdef92a64b7bb9905ec638592d8b4c2c98b4f6715fb34d7cd",
          "asset": "22672197750076182435104685732828312699499178229368909069779722995564228197359",
          "side": "SELL",
          "size": 46184.48,
          "price": 0.31,
          "timestamp": 1764951853,
          "outcome": "G2",
          "eventSlug": "cs2-furia-g2-2025-12-05",
          "eventTitle": "Counter-Strike: FURIA vs G2 (BO3)"
        },
        {
          "market": "0xdb6b6f86f799ac1da8959617cb0d9d047f95afb729eaba7bf282603eb9adca9f",
          "asset": "44207206425500186824094497535764715542286069634867143414390571438275401316749",
          "side": "BUY",
          "size": 4664.42,
          "price": 0.41,
          "timestamp": 1764950071,
          "outcome": "Passion UA",
          "eventSlug": "cs2-pssnua-tl1-2025-12-05",
          "eventTitle": "Counter-Strike: Passion UA vs Liquid (BO3)"
        },
        {
          "market": "0xdb6b6f86f799ac1da8959617cb0d9d047f95afb729eaba7bf282603eb9adca9f",
          "asset": "44207206425500186824094497535764715542286069634867143414390571438275401316749",
          "side": "BUY",
          "size": 44367.14,
          "price": 0.41,
          "timestamp": 1764950047,
          "outcome": "Passion UA",
          "eventSlug": "cs2-pssnua-tl1-2025-12-05",
          "eventTitle": "Counter-Strike: Passion UA vs Liquid (BO3)"
        },
        {
          "market": "0xdb6b6f86f799ac1da8959617cb0d9d047f95afb729eaba7bf282603eb9adca9f",
          "asset": "44207206425500186824094497535764715542286069634867143414390571438275401316749",
          "side": "BUY",
          "size": 28097.79,
          "price": 0.41,
          "timestamp": 1764949459,
          "outcome": "Passion UA",
          "eventSlug": "cs2-pssnua-tl1-2025-12-05",
          "eventTitle": "Counter-Strike: Passion UA vs Liquid (BO3)"
        },
        {
          "market": "0xdb6b6f86f799ac1da8959617cb0d9d047f95afb729eaba7bf282603eb9adca9f",
          "asset": "44207206425500186824094497535764715542286069634867143414390571438275401316749",
          "side": "BUY",
          "size": 2521.3,
          "price": 0.41,
          "timestamp": 1764948549,
          "outcome": "Passion UA",
          "eventSlug": "cs2-pssnua-tl1-2025-12-05",
          "eventTitle": "Counter-Strike: Passion UA vs Liquid (BO3)"
        },
        {
          "market": "0xdb6b6f86f799ac1da8959617cb0d9d047f95afb729eaba7bf282603eb9adca9f",
          "asset": "44207206425500186824094497535764715542286069634867143414390571438275401316749",
          "side": "BUY",
          "size": 38499.58,
          "price": 0.41,
          "timestamp": 1764948309,
          "outcome": "Passion UA",
          "eventSlug": "cs2-pssnua-tl1-2025-12-05",
          "eventTitle": "Counter-Strike: Passion UA vs Liquid (BO3)"
        },
        {
          "market": "0x9ec7d921b311861d42eff78458078b7b19d149dbc47a968c068af223143f091c",
          "asset": "5834800709589767646851352258216042938907829855247187859369888467151495117745",
          "side": "BUY",
          "size": 70896.21,
          "price": 0.53,
          "timestamp": 1764946809,
          "outcome": "Spirit",
          "eventSlug": "cs2-mouz-ts7-2025-12-05",
          "eventTitle": "Counter-Strike: MOUZ vs Spirit (BO3)"
        },
        {
          "market": "0xdb6b6f86f799ac1da8959617cb0d9d047f95afb729eaba7bf282603eb9adca9f",
          "asset": "44207206425500186824094497535764715542286069634867143414390571438275401316749",
          "side": "BUY",
          "size": 20,
          "price": 0.4,
          "timestamp": 1764944443,
          "outcome": "Passion UA",
          "eventSlug": "cs2-pssnua-tl1-2025-12-05",
          "eventTitle": "Counter-Strike: Passion UA vs Liquid (BO3)"
        },
        {
          "market": "0xdb6b6f86f799ac1da8959617cb0d9d047f95afb729eaba7bf282603eb9adca9f",
          "asset": "44207206425500186824094497535764715542286069634867143414390571438275401316749",
          "side": "BUY",
          "size": 20828.28,
          "price": 0.4,
          "timestamp": 1764944439,
          "outcome": "Passion UA",
          "eventSlug": "cs2-pssnua-tl1-2025-12-05",
          "eventTitle": "Counter-Strike: Passion UA vs Liquid (BO3)"
        },
        {
          "market": "0x259f33c45d1b82baf4f97744df75f1ca4de7478c3056e1f0215023829ed51ba9",
          "asset": "64305697408219030301253017006521970606426126782112541793796714927149750752296",
          "side": "BUY",
          "size": 19413.73,
          "price": 0.64,
          "timestamp": 1764944375,
          "outcome": "Natus Vincere",
          "eventSlug": "cs2-pain-navi-2025-12-05",
          "eventTitle": "Counter-Strike: paiN vs Natus Vincere (BO1)"
        },
        {
          "market": "0x259f33c45d1b82baf4f97744df75f1ca4de7478c3056e1f0215023829ed51ba9",
          "asset": "74322786612818929811841846000454412239621032416858725872929500420543716866112",
          "side": "SELL",
          "size": 5403.12,
          "price": 0.36,
          "timestamp": 1764944341,
          "outcome": "paiN",
          "eventSlug": "cs2-pain-navi-2025-12-05",
          "eventTitle": "Counter-Strike: paiN vs Natus Vincere (BO1)"
        },
        {
          "market": "0xfc678ffee1849b0e710730e56854f4bc6e501602d4acf31f3336bb294750d9c9",
          "asset": "72976224883747865431615809693906416656160914314698027281087385848109628422678",
          "side": "BUY",
          "size": 43677.46,
          "price": 0.55,
          "timestamp": 1764943329,
          "outcome": "FaZe",
          "eventSlug": "cs2-faze-mglz-2025-12-05",
          "eventTitle": "Counter-Strike: FaZe vs TheMongolz (BO1)"
        },
        {
          "market": "0xfc678ffee1849b0e710730e56854f4bc6e501602d4acf31f3336bb294750d9c9",
          "asset": "72976224883747865431615809693906416656160914314698027281087385848109628422678",
          "side": "BUY",
          "size": 11.14,
          "price": 0.52,
          "timestamp": 1764943213,
          "outcome": "FaZe",
          "eventSlug": "cs2-faze-mglz-2025-12-05",
          "eventTitle": "Counter-Strike: FaZe vs TheMongolz (BO1)"
        },
        {
          "market": "0xfc678ffee1849b0e710730e56854f4bc6e501602d4acf31f3336bb294750d9c9",
          "asset": "72976224883747865431615809693906416656160914314698027281087385848109628422678",
          "side": "BUY",
          "size": 137884.89,
          "price": 0.54,
          "timestamp": 1764941971,
          "outcome": "FaZe",
          "eventSlug": "cs2-faze-mglz-2025-12-05",
          "eventTitle": "Counter-Strike: FaZe vs TheMongolz (BO1)"
        },
        {
          "market": "0xf51203d50d2c4a4cdef92a64b7bb9905ec638592d8b4c2c98b4f6715fb34d7cd",
          "asset": "22672197750076182435104685732828312699499178229368909069779722995564228197359",
          "side": "BUY",
          "size": 5435.24,
          "price": 0.32,
          "timestamp": 1764938985,
          "outcome": "G2",
          "eventSlug": "cs2-furia-g2-2025-12-05",
          "eventTitle": "Counter-Strike: FURIA vs G2 (BO3)"
        },
        {
          "market": "0x76f2378cdad987cab6ab3e7dc3df9a70797403e879de0b517b74310b16b98a53",
          "asset": "72383271613606696685573141444636909215085544110135028881059674183363295143558",
          "side": "BUY",
          "size": 3823.76,
          "price": 0.23,
          "timestamp": 1764935423,
          "outcome": "B8",
          "eventSlug": "cs2-b8-vit-2025-12-05",
          "eventTitle": "Counter-Strike: B8 vs Vitality (BO1)"
        },
        {
          "market": "0x07fdb434a81996e35e05aeb4d7e8d9f79866a6ed435282489b50c9a781c0734a",
          "asset": "114275732512524632281168619582928768074383198761925467804087432025991808696004",
          "side": "BUY",
          "size": 2108.48,
          "price": 0.24,
          "timestamp": 1764935217,
          "outcome": "Falcons",
          "eventSlug": "nfl-sea-atl-2025-12-07",
          "eventTitle": "Seahawks vs. Falcons"
        },
        {
          "market": "0xe6f492eb15583ae324d43e987e3ad1b7bd1a86690b3b62a2843162278ff7af0e",
          "asset": "76670260365725081013616453394969120074034107307018786395213802664282542610427",
          "side": "BUY",
          "size": 209537,
          "price": 0.62,
          "timestamp": 1764892127,
          "outcome": "Lions",
          "eventSlug": "nfl-dal-det-2025-12-04",
          "eventTitle": "Cowboys vs. Lions"
        },
        {
          "market": "0x8e52f21c7fca56bb681ee259e68433c22430ae066fe5e2c5284fff591eb4387f",
          "asset": "66762004966397611229182756120748854338843747454842586789364529758459067623076",
          "side": "SELL",
          "size": 270651.96,
          "price": 0.48,
          "timestamp": 1764892109,
          "outcome": "Lions",
          "eventSlug": "nfl-dal-det-2025-12-04",
          "eventTitle": "Spread: Lions (-3.5)"
        },
        {
          "market": "0xe6f492eb15583ae324d43e987e3ad1b7bd1a86690b3b62a2843162278ff7af0e",
          "asset": "76670260365725081013616453394969120074034107307018786395213802664282542610427",
          "side": "BUY",
          "size": 8122.92,
          "price": 0.62,
          "timestamp": 1764891909,
          "outcome": "Lions",
          "eventSlug": "nfl-dal-det-2025-12-04",
          "eventTitle": "Cowboys vs. Lions"
        },
        {
          "market": "0xe6f492eb15583ae324d43e987e3ad1b7bd1a86690b3b62a2843162278ff7af0e",
          "asset": "76670260365725081013616453394969120074034107307018786395213802664282542610427",
          "side": "BUY",
          "size": 236482.54,
          "price": 0.62,
          "timestamp": 1764891847,
          "outcome": "Lions",
          "eventSlug": "nfl-dal-det-2025-12-04",
          "eventTitle": "Cowboys vs. Lions"
        },
        {
          "market": "0x1d8a3f539806bb68a017d1395f20712f3d64b187d258f588af30af3d75ecef70",
          "asset": "94311824717938468574541900517254238406744921403348197354346462907106653898435",
          "side": "SELL",
          "size": 2777.38,
          "price": 0.19,
          "timestamp": 1764881345,
          "outcome": "Imperial",
          "eventSlug": "cs2-furia-imp11-2025-12-04",
          "eventTitle": "Counter-Strike: FURIA vs Imperial (BO1)"
        },
        {
          "market": "0x1d8a3f539806bb68a017d1395f20712f3d64b187d258f588af30af3d75ecef70",
          "asset": "94311824717938468574541900517254238406744921403348197354346462907106653898435",
          "side": "SELL",
          "size": 6436.92,
          "price": 0.19,
          "timestamp": 1764881311,
          "outcome": "Imperial",
          "eventSlug": "cs2-furia-imp11-2025-12-04",
          "eventTitle": "Counter-Strike: FURIA vs Imperial (BO1)"
        },
        {
          "market": "0x3f7e41fc825410c6b948fa500fda4b8417da540767438c470dd2fd84d055bdf8",
          "asset": "115054285646957625238961286345048875588734905001480235356410504888700022614747",
          "side": "SELL",
          "size": 39.37,
          "price": 0.42,
          "timestamp": 1764880035,
          "outcome": "PARIVISION",
          "eventSlug": "cs2-prv-navi-2025-12-04",
          "eventTitle": "Counter-Strike: PARIVISION vs Natus Vincere (BO1)"
        },
        {
          "market": "0xe6f492eb15583ae324d43e987e3ad1b7bd1a86690b3b62a2843162278ff7af0e",
          "asset": "76670260365725081013616453394969120074034107307018786395213802664282542610427",
          "side": "BUY",
          "size": 46.22,
          "price": 0.62,
          "timestamp": 1764879379,
          "outcome": "Lions",
          "eventSlug": "nfl-dal-det-2025-12-04",
          "eventTitle": "Cowboys vs. Lions"
        },
        {
          "market": "0xe6f492eb15583ae324d43e987e3ad1b7bd1a86690b3b62a2843162278ff7af0e",
          "asset": "76670260365725081013616453394969120074034107307018786395213802664282542610427",
          "side": "BUY",
          "size": 222831.32,
          "price": 0.62,
          "timestamp": 1764879339,
          "outcome": "Lions",
          "eventSlug": "nfl-dal-det-2025-12-04",
          "eventTitle": "Cowboys vs. Lions"
        },
        {
          "market": "0x8e52f21c7fca56bb681ee259e68433c22430ae066fe5e2c5284fff591eb4387f",
          "asset": "66762004966397611229182756120748854338843747454842586789364529758459067623076",
          "side": "BUY",
          "size": 200,
          "price": 0.48,
          "timestamp": 1764879323,
          "outcome": "Lions",
          "eventSlug": "nfl-dal-det-2025-12-04",
          "eventTitle": "Spread: Lions (-3.5)"
        },
        {
          "market": "0xdfbdcc9d5da85969e1dde99a95a9d92e30f292bdcc2f4ad3a9f8d49fe3c85226",
          "asset": "53398816495466763603002233801170879546309371451564325467796960222155108085140",
          "side": "BUY",
          "size": 328.4,
          "price": 0.5,
          "timestamp": 1764875713,
          "outcome": "TheMongolz",
          "eventSlug": "cs2-tl1-mglz-2025-12-04",
          "eventTitle": "Counter-Strike: Liquid vs TheMongolz (BO1)"
        },
        {
          "market": "0xdfbdcc9d5da85969e1dde99a95a9d92e30f292bdcc2f4ad3a9f8d49fe3c85226",
          "asset": "13314845813278298392672050000659066338114351967370940687727657157782940957602",
          "side": "SELL",
          "size": 2671.6,
          "price": 0.5,
          "timestamp": 1764875671,
          "outcome": "Liquid",
          "eventSlug": "cs2-tl1-mglz-2025-12-04",
          "eventTitle": "Counter-Strike: Liquid vs TheMongolz (BO1)"
        },
        {
          "market": "0x8e52f21c7fca56bb681ee259e68433c22430ae066fe5e2c5284fff591eb4387f",
          "asset": "66762004966397611229182756120748854338843747454842586789364529758459067623076",
          "side": "BUY",
          "size": 1028451.37,
          "price": 0.48,
          "timestamp": 1764874573,
          "outcome": "Lions",
          "eventSlug": "nfl-dal-det-2025-12-04",
          "eventTitle": "Spread: Lions (-3.5)"
        },
        {
          "market": "0x5b416e5d897699ebb1349dbc60a0bdf679d95c9f8fb4ce892ba78066ae6f5c2d",
          "asset": "67838921964121913681979006553927399003208815301580303875642242549816907190214",
          "side": "BUY",
          "size": 1924.81,
          "price": 0.2140367620700225,
          "timestamp": 1764873507,
          "outcome": "Passion UA",
          "eventSlug": "cs2-pssnua-fal2-2025-12-04",
          "eventTitle": "Counter-Strike: Passion UA vs Team Falcons (BO1)"
        },
        {
          "market": "0x8f0908801760743d9b719e1ded21ba823f8404eff7bdb3a9cfec3b5de4edaca1",
          "asset": "88795387031967722603485317967272365902579177592247116072060811039924422010578",
          "side": "SELL",
          "size": 5210.69,
          "price": 0.63,
          "timestamp": 1764873187,
          "outcome": "Spirit",
          "eventSlug": "cs2-faze-ts7-2025-12-04",
          "eventTitle": "Counter-Strike: FaZe vs Spirit (BO1)"
        },
        {
          "market": "0xe6f492eb15583ae324d43e987e3ad1b7bd1a86690b3b62a2843162278ff7af0e",
          "asset": "76670260365725081013616453394969120074034107307018786395213802664282542610427",
          "side": "BUY",
          "size": 50.98,
          "price": 0.61,
          "timestamp": 1764872803,
          "outcome": "Lions",
          "eventSlug": "nfl-dal-det-2025-12-04",
          "eventTitle": "Cowboys vs. Lions"
        },
        {
          "market": "0xe6f492eb15583ae324d43e987e3ad1b7bd1a86690b3b62a2843162278ff7af0e",
          "asset": "76670260365725081013616453394969120074034107307018786395213802664282542610427",
          "side": "SELL",
          "size": 105802.13,
          "price": 0.61,
          "timestamp": 1764872791,
          "outcome": "Lions",
          "eventSlug": "nfl-dal-det-2025-12-04",
          "eventTitle": "Cowboys vs. Lions"
        },
        {
          "market": "0xe6f492eb15583ae324d43e987e3ad1b7bd1a86690b3b62a2843162278ff7af0e",
          "asset": "76670260365725081013616453394969120074034107307018786395213802664282542610427",
          "side": "BUY",
          "size": 30000,
          "price": 0.61,
          "timestamp": 1764872055,
          "outcome": "Lions",
          "eventSlug": "nfl-dal-det-2025-12-04",
          "eventTitle": "Cowboys vs. Lions"
        },
        {
          "market": "0xe6f492eb15583ae324d43e987e3ad1b7bd1a86690b3b62a2843162278ff7af0e",
          "asset": "76670260365725081013616453394969120074034107307018786395213802664282542610427",
          "side": "BUY",
          "size": 1000000,
          "price": 0.61,
          "timestamp": 1764872015,
          "outcome": "Lions",
          "eventSlug": "nfl-dal-det-2025-12-04",
          "eventTitle": "Cowboys vs. Lions"
        },
        {
          "market": "0x3f7e41fc825410c6b948fa500fda4b8417da540767438c470dd2fd84d055bdf8",
          "asset": "115054285646957625238961286345048875588734905001480235356410504888700022614747",
          "side": "BUY",
          "size": 550,
          "price": 0.41,
          "timestamp": 1764871671,
          "outcome": "PARIVISION",
          "eventSlug": "cs2-prv-navi-2025-12-04",
          "eventTitle": "Counter-Strike: PARIVISION vs Natus Vincere (BO1)"
        },
        {
          "market": "0x9560ad3595c8e95524a0496dba2790b9f254b4bed9e4f0fc0d21d83c817ae5cd",
          "asset": "77922422973108185656590292026194057472301200453597664012611692431355684376499",
          "side": "SELL",
          "size": 1528.84,
          "price": 0.64,
          "timestamp": 1764869461,
          "outcome": "G2",
          "eventSlug": "cs2-pain-g2-2025-12-04",
          "eventTitle": "Counter-Strike: paiN vs G2 (BO1)"
        },
        {
          "market": "0x8f0908801760743d9b719e1ded21ba823f8404eff7bdb3a9cfec3b5de4edaca1",
          "asset": "88795387031967722603485317967272365902579177592247116072060811039924422010578",
          "side": "BUY",
          "size": 19738.73,
          "price": 0.64,
          "timestamp": 1764869401,
          "outcome": "Spirit",
          "eventSlug": "cs2-faze-ts7-2025-12-04",
          "eventTitle": "Counter-Strike: FaZe vs Spirit (BO1)"
        },
        {
          "market": "0x6aa2ee66a2e3e724ec96991a109719e4aa2f2d8602ff4ae62888a846fd7bf8c3",
          "asset": "77241606348153798094962433739760385293812362769045560490053643450254974965198",
          "side": "SELL",
          "size": 881.64,
          "price": 0.22,
          "timestamp": 1764868447,
          "outcome": "3DMAX",
          "eventSlug": "cs2-3dmax-vit-2025-12-04",
          "eventTitle": "Counter-Strike: 3DMAX vs Vitality (BO1)"
        },
        {
          "market": "0x6aa2ee66a2e3e724ec96991a109719e4aa2f2d8602ff4ae62888a846fd7bf8c3",
          "asset": "54435955895183871526278524454403138612570945129376981758600170460314131921611",
          "side": "BUY",
          "size": 6690.63,
          "price": 0.77,
          "timestamp": 1764868359,
          "outcome": "Vitality",
          "eventSlug": "cs2-3dmax-vit-2025-12-04",
          "eventTitle": "Counter-Strike: 3DMAX vs Vitality (BO1)"
        },
        {
          "market": "0xe6f492eb15583ae324d43e987e3ad1b7bd1a86690b3b62a2843162278ff7af0e",
          "asset": "76670260365725081013616453394969120074034107307018786395213802664282542610427",
          "side": "BUY",
          "size": 350,
          "price": 0.6,
          "timestamp": 1764864511,
          "outcome": "Lions",
          "eventSlug": "nfl-dal-det-2025-12-04",
          "eventTitle": "Cowboys vs. Lions"
        },
        {
          "market": "0xe6f492eb15583ae324d43e987e3ad1b7bd1a86690b3b62a2843162278ff7af0e",
          "asset": "76670260365725081013616453394969120074034107307018786395213802664282542610427",
          "side": "BUY",
          "size": 42676.32,
          "price": 0.6,
          "timestamp": 1764864473,
          "outcome": "Lions",
          "eventSlug": "nfl-dal-det-2025-12-04",
          "eventTitle": "Cowboys vs. Lions"
        },
        {
          "market": "0xe6f492eb15583ae324d43e987e3ad1b7bd1a86690b3b62a2843162278ff7af0e",
          "asset": "76670260365725081013616453394969120074034107307018786395213802664282542610427",
          "side": "BUY",
          "size": 3925,
          "price": 0.6,
          "timestamp": 1764864473,
          "outcome": "Lions",
          "eventSlug": "nfl-dal-det-2025-12-04",
          "eventTitle": "Cowboys vs. Lions"
        },
        {
          "market": "0xadd12e0cc987fae001fb55bf6f56eb3161642e4f63cd94d2dc3c0706416d8321",
          "asset": "60304526807053214505550171931647917588159580180218268943906228337883534497022",
          "side": "BUY",
          "size": 164,
          "price": 0.39,
          "timestamp": 1764863499,
          "outcome": "Natus Vincere",
          "eventSlug": "cs2-furia-navi-2025-12-04",
          "eventTitle": "Counter-Strike: FURIA vs Natus Vincere (BO1)"
        },
        {
          "market": "0xadd12e0cc987fae001fb55bf6f56eb3161642e4f63cd94d2dc3c0706416d8321",
          "asset": "60304526807053214505550171931647917588159580180218268943906228337883534497022",
          "side": "BUY",
          "size": 62631.55,
          "price": 0.39,
          "timestamp": 1764863267,
          "outcome": "Natus Vincere",
          "eventSlug": "cs2-furia-navi-2025-12-04",
          "eventTitle": "Counter-Strike: FURIA vs Natus Vincere (BO1)"
        },
        {
          "market": "0x3ee54eebe52370eb695bc6ef14ac7befbd843bd830c548a312216dcc58a77f4a",
          "asset": "72573636333675121345517147305272227323109183401538064695926959340045346866344",
          "side": "SELL",
          "size": 551.9,
          "price": 0.23,
          "timestamp": 1764862987,
          "outcome": "B8",
          "eventSlug": "cs2-b8-fal2-2025-12-04",
          "eventTitle": "Counter-Strike: B8 vs Team Falcons (BO1)"
        },
        {
          "market": "0x3ee54eebe52370eb695bc6ef14ac7befbd843bd830c548a312216dcc58a77f4a",
          "asset": "72573636333675121345517147305272227323109183401538064695926959340045346866344",
          "side": "SELL",
          "size": 7662.54,
          "price": 0.23,
          "timestamp": 1764862825,
          "outcome": "B8",
          "eventSlug": "cs2-b8-fal2-2025-12-04",
          "eventTitle": "Counter-Strike: B8 vs Team Falcons (BO1)"
        },
        {
          "market": "0xadd12e0cc987fae001fb55bf6f56eb3161642e4f63cd94d2dc3c0706416d8321",
          "asset": "60304526807053214505550171931647917588159580180218268943906228337883534497022",
          "side": "BUY",
          "size": 10812.33,
          "price": 0.37,
          "timestamp": 1764862143,
          "outcome": "Natus Vincere",
          "eventSlug": "cs2-furia-navi-2025-12-04",
          "eventTitle": "Counter-Strike: FURIA vs Natus Vincere (BO1)"
        },
        {
          "market": "0xf5765a659a3458b61c15edd2d1f5d3acf4824c30b8629923639b555bf361014f",
          "asset": "193432685418881519745115819883111337774386037862793847317359640506923199632",
          "side": "BUY",
          "size": 88447.34,
          "price": 0.2897034393572492,
          "timestamp": 1764859799,
          "outcome": "FaZe",
          "eventSlug": "cs2-vit-faze-2025-12-04",
          "eventTitle": "Counter-Strike: Vitality vs FaZe (BO1)"
        },
        {
          "market": "0xe6f492eb15583ae324d43e987e3ad1b7bd1a86690b3b62a2843162278ff7af0e",
          "asset": "76670260365725081013616453394969120074034107307018786395213802664282542610427",
          "side": "SELL",
          "size": 263464.33,
          "price": 0.5803078454681133,
          "timestamp": 1764858261,
          "outcome": "Lions",
          "eventSlug": "nfl-dal-det-2025-12-04",
          "eventTitle": "Cowboys vs. Lions"
        },
        {
          "market": "0xe6f492eb15583ae324d43e987e3ad1b7bd1a86690b3b62a2843162278ff7af0e",
          "asset": "76670260365725081013616453394969120074034107307018786395213802664282542610427",
          "side": "SELL",
          "size": 69001.46,
          "price": 0.59,
          "timestamp": 1764858261,
          "outcome": "Lions",
          "eventSlug": "nfl-dal-det-2025-12-04",
          "eventTitle": "Cowboys vs. Lions"
        },
        {
          "market": "0x73884295f74148a1572b519a78a1b83f30e33ce29541c4284636e9bddfa01ce0",
          "asset": "109019939980887784563151095200010454273392049496046468397690351563708307412730",
          "side": "SELL",
          "size": 1990.72,
          "price": 0.7,
          "timestamp": 1764854665,
          "outcome": "G2",
          "eventSlug": "cs2-pssnua-g2-2025-12-04",
          "eventTitle": "Counter-Strike: Passion UA vs G2 (BO1)"
        },
        {
          "market": "0x73884295f74148a1572b519a78a1b83f30e33ce29541c4284636e9bddfa01ce0",
          "asset": "16326442769649496733296065816872752636491578939203776385232182156465822921825",
          "side": "SELL",
          "size": 421.08,
          "price": 0.3,
          "timestamp": 1764854193,
          "outcome": "Passion UA",
          "eventSlug": "cs2-pssnua-g2-2025-12-04",
          "eventTitle": "Counter-Strike: Passion UA vs G2 (BO1)"
        },
        {
          "market": "0xb9be52b844df94d13ce79edfe2e44c31a2b481dc836d0bafeac66d6aaebe25ca",
          "asset": "56258842250875435323117517881099842840946595586144896948982297610848102770820",
          "side": "SELL",
          "size": 3609.73,
          "price": 0.28,
          "timestamp": 1764849385,
          "outcome": "PARIVISION",
          "eventSlug": "cs2-mouz-prv-2025-12-04",
          "eventTitle": "Counter-Strike: MOUZ vs PARIVISION (BO1)"
        },
        {
          "market": "0xadd12e0cc987fae001fb55bf6f56eb3161642e4f63cd94d2dc3c0706416d8321",
          "asset": "60304526807053214505550171931647917588159580180218268943906228337883534497022",
          "side": "SELL",
          "size": 3727.26,
          "price": 0.37,
          "timestamp": 1764848279,
          "outcome": "Natus Vincere",
          "eventSlug": "cs2-furia-navi-2025-12-04",
          "eventTitle": "Counter-Strike: FURIA vs Natus Vincere (BO1)"
        },
        {
          "market": "0x0822d9ec057dbd8d0ac685e3caca52f9f3ceb319dde4b52688641da0c3f8461d",
          "asset": "95926884842627116531713373224692164283834414956139288559642764735665364677313",
          "side": "BUY",
          "size": 10869.31,
          "price": 0.39,
          "timestamp": 1764840495,
          "outcome": "Imperial",
          "eventSlug": "cs2-imp11-mglz-2025-12-04",
          "eventTitle": "Counter-Strike: Imperial vs TheMongolz (BO1)"
        },
        {
          "market": "0xf5765a659a3458b61c15edd2d1f5d3acf4824c30b8629923639b555bf361014f",
          "asset": "193432685418881519745115819883111337774386037862793847317359640506923199632",
          "side": "SELL",
          "size": 6.89,
          "price": 0.29,
          "timestamp": 1764838127,
          "outcome": "FaZe",
          "eventSlug": "cs2-vit-faze-2025-12-04",
          "eventTitle": "Counter-Strike: Vitality vs FaZe (BO1)"
        },
        {
          "market": "0x0822d9ec057dbd8d0ac685e3caca52f9f3ceb319dde4b52688641da0c3f8461d",
          "asset": "95926884842627116531713373224692164283834414956139288559642764735665364677313",
          "side": "BUY",
          "size": 1442.67,
          "price": 0.38,
          "timestamp": 1764833795,
          "outcome": "Imperial",
          "eventSlug": "cs2-imp11-mglz-2025-12-04",
          "eventTitle": "Counter-Strike: Imperial vs TheMongolz (BO1)"
        },
        {
          "market": "0xb9be52b844df94d13ce79edfe2e44c31a2b481dc836d0bafeac66d6aaebe25ca",
          "asset": "56258842250875435323117517881099842840946595586144896948982297610848102770820",
          "side": "SELL",
          "size": 112.83,
          "price": 0.29,
          "timestamp": 1764823131,
          "outcome": "PARIVISION",
          "eventSlug": "cs2-mouz-prv-2025-12-04",
          "eventTitle": "Counter-Strike: MOUZ vs PARIVISION (BO1)"
        },
        {
          "market": "0x73884295f74148a1572b519a78a1b83f30e33ce29541c4284636e9bddfa01ce0",
          "asset": "16326442769649496733296065816872752636491578939203776385232182156465822921825",
          "side": "SELL",
          "size": 2235,
          "price": 0.29,
          "timestamp": 1764823013,
          "outcome": "Passion UA",
          "eventSlug": "cs2-pssnua-g2-2025-12-04",
          "eventTitle": "Counter-Strike: Passion UA vs G2 (BO1)"
        },
        {
          "market": "0xb686f929daebc70b37a302da9209bb4b8ae43db7185ed9632f1feec320ffffda",
          "asset": "32269731385104526712828299940639433708722816496644661619223382543040598610510",
          "side": "BUY",
          "size": 9294,
          "price": 0.64,
          "timestamp": 1764810121,
          "outcome": "Pistons",
          "eventSlug": "nba-det-mil-2025-12-03",
          "eventTitle": "Pistons vs. Bucks"
        },
        {
          "market": "0x92db547aebdb032652730249660d0bf2bbc37aeb98da0458ccbc2ec89e1915cf",
          "asset": "22432030837455651705794625954361405575051966877674631314945203731462475485863",
          "side": "SELL",
          "size": 10.64,
          "price": 0.09,
          "timestamp": 1764809771,
          "outcome": "Kings",
          "eventSlug": "nba-sac-hou-2025-12-03",
          "eventTitle": "Kings vs. Rockets"
        },
        {
          "market": "0x92db547aebdb032652730249660d0bf2bbc37aeb98da0458ccbc2ec89e1915cf",
          "asset": "22432030837455651705794625954361405575051966877674631314945203731462475485863",
          "side": "SELL",
          "size": 49066.26,
          "price": 0.09,
          "timestamp": 1764809683,
          "outcome": "Kings",
          "eventSlug": "nba-sac-hou-2025-12-03",
          "eventTitle": "Kings vs. Rockets"
        },
        {
          "market": "0xf455e3ea565b9544bb793cdf291ffd8e9dc5958f11483dc89ce54abb34a236fe",
          "asset": "104636923712878084455398403534693215893705491882606951092943092526184022318136",
          "side": "BUY",
          "size": 11000,
          "price": 0.55,
          "timestamp": 1764808793,
          "outcome": "Hawks",
          "eventSlug": "nba-lac-atl-2025-12-03",
          "eventTitle": "Clippers vs. Hawks"
        },
        {
          "market": "0xf455e3ea565b9544bb793cdf291ffd8e9dc5958f11483dc89ce54abb34a236fe",
          "asset": "104636923712878084455398403534693215893705491882606951092943092526184022318136",
          "side": "BUY",
          "size": 95915.58,
          "price": 0.54,
          "timestamp": 1764807921,
          "outcome": "Hawks",
          "eventSlug": "nba-lac-atl-2025-12-03",
          "eventTitle": "Clippers vs. Hawks"
        },
        {
          "market": "0xfbcb8b8ac9da5a448b81c691a16a000a5d8a5d1f7cf0cada240ce0f68d63da6e",
          "asset": "83596244547152296675596059564964486726464110177717584821373964955533683680984",
          "side": "BUY",
          "size": 37050.68,
          "price": 0.8,
          "timestamp": 1764806271,
          "outcome": "Cavaliers",
          "eventSlug": "nba-por-cle-2025-12-03",
          "eventTitle": "Trail Blazers vs. Cavaliers"
        },
        {
          "market": "0x5d4229c1995b22bb92bfc4586ba97dd79a004de8241410707a84b24f6b671b4e",
          "asset": "64052368237811279553557500285494680931731394988074867750364205709425931091935",
          "side": "SELL",
          "size": 1265.4,
          "price": 0.47,
          "timestamp": 1764805745,
          "outcome": "Nuggets",
          "eventSlug": "nba-den-ind-2025-12-03",
          "eventTitle": "Spread: Nuggets (-8.5)"
        },
        {
          "market": "0x7286f0eea1f426e9c831ea9534d74b05c30f72096aeff6aaa66b42b9a9d10364",
          "asset": "101466115430440759802873778891420492713067557917725720236970740163198965558921",
          "side": "BUY",
          "size": 39950,
          "price": 0.24,
          "timestamp": 1764804855,
          "outcome": "Pacers",
          "eventSlug": "nba-den-ind-2025-12-03",
          "eventTitle": "Nuggets vs. Pacers"
        },
        {
          "market": "0x2a8b6beae8c15cf8aafa63e68c79999551cc90bc102a2ccc45e81aa362d561f1",
          "asset": "65209291512634319132477732696223544581244828682657933896633255831116760491356",
          "side": "SELL",
          "size": 8399.94,
          "price": 0.19,
          "timestamp": 1764734357,
          "outcome": "Warriors",
          "eventSlug": "nba-okc-gsw-2025-12-02",
          "eventTitle": "Thunder vs. Warriors"
        },
        {
          "market": "0x459dd8f80c8270428e06908ea31b17b86f4d8d99cae7a3886186c8987ed48efe",
          "asset": "6970695027880732720667968623338196327227189092963972060658415325824356646812",
          "side": "BUY",
          "size": 170,
          "price": 0.53,
          "timestamp": 1764733845,
          "outcome": "Warriors",
          "eventSlug": "nba-okc-gsw-2025-12-02",
          "eventTitle": "Spread: Thunder (-11.5)"
        },
        {
          "market": "0x459dd8f80c8270428e06908ea31b17b86f4d8d99cae7a3886186c8987ed48efe",
          "asset": "6970695027880732720667968623338196327227189092963972060658415325824356646812",
          "side": "SELL",
          "size": 41738,
          "price": 0.52,
          "timestamp": 1764733379,
          "outcome": "Warriors",
          "eventSlug": "nba-okc-gsw-2025-12-02",
          "eventTitle": "Spread: Thunder (-11.5)"
        },
        {
          "market": "0x459dd8f80c8270428e06908ea31b17b86f4d8d99cae7a3886186c8987ed48efe",
          "asset": "6970695027880732720667968623338196327227189092963972060658415325824356646812",
          "side": "BUY",
          "size": 41738,
          "price": 0.51,
          "timestamp": 1764733177,
          "outcome": "Warriors",
          "eventSlug": "nba-okc-gsw-2025-12-02",
          "eventTitle": "Spread: Thunder (-11.5)"
        },
        {
          "market": "0x56b65bb5749ff693ffdcfdcb439071c4671390649e5634fc02de76a0a1417c53",
          "asset": "24032615366257171340382523250049313627167076552438977437153467007392734236968",
          "side": "BUY",
          "size": 19180.31,
          "price": 0.52,
          "timestamp": 1764723833,
          "outcome": "Knicks",
          "eventSlug": "nba-nyk-bos-2025-12-02",
          "eventTitle": "Knicks vs. Celtics"
        },
        {
          "market": "0x5d9c2180cc95e02522882e7cbe9fa68d337dc6ee6c91a994ce97c46ac2bae69b",
          "asset": "111062873521734514271732349140597605967789089074161879426354678005124550045330",
          "side": "BUY",
          "size": 12000,
          "price": 0.35,
          "timestamp": 1764721789,
          "outcome": "Trail Blazers",
          "eventSlug": "nba-por-tor-2025-12-02",
          "eventTitle": "Trail Blazers vs. Raptors"
        },
        {
          "market": "0x56b65bb5749ff693ffdcfdcb439071c4671390649e5634fc02de76a0a1417c53",
          "asset": "24032615366257171340382523250049313627167076552438977437153467007392734236968",
          "side": "BUY",
          "size": 3487.41,
          "price": 0.51,
          "timestamp": 1764719317,
          "outcome": "Knicks",
          "eventSlug": "nba-nyk-bos-2025-12-02",
          "eventTitle": "Knicks vs. Celtics"
        },
        {
          "market": "0x56b65bb5749ff693ffdcfdcb439071c4671390649e5634fc02de76a0a1417c53",
          "asset": "105768111430607901372585069976704353476140020477499435943012509275131425611198",
          "side": "SELL",
          "size": 20416.23,
          "price": 0.49,
          "timestamp": 1764719295,
          "outcome": "Celtics",
          "eventSlug": "nba-nyk-bos-2025-12-02",
          "eventTitle": "Knicks vs. Celtics"
        },
        {
          "market": "0x5d9c2180cc95e02522882e7cbe9fa68d337dc6ee6c91a994ce97c46ac2bae69b",
          "asset": "111062873521734514271732349140597605967789089074161879426354678005124550045330",
          "side": "BUY",
          "size": 19120.68,
          "price": 0.34,
          "timestamp": 1764718287,
          "outcome": "Trail Blazers",
          "eventSlug": "nba-por-tor-2025-12-02",
          "eventTitle": "Trail Blazers vs. Raptors"
        },
        {
          "market": "0xa991023b6e00f66996f7bc46b49c23796d5289b36ce85b736e7f441e4ff6f64a",
          "asset": "43803676863326001224131770084657580868162111993449686243255851401564762753132",
          "side": "BUY",
          "size": 237547.87,
          "price": 0.4765483643359968,
          "timestamp": 1764703417,
          "outcome": "3DMAX",
          "eventSlug": "cs2-nip-3dmax-2025-12-02",
          "eventTitle": "Counter-Strike: NIP vs 3DMAX (BO3)"
        },
        {
          "market": "0xa991023b6e00f66996f7bc46b49c23796d5289b36ce85b736e7f441e4ff6f64a",
          "asset": "43803676863326001224131770084657580868162111993449686243255851401564762753132",
          "side": "SELL",
          "size": 587.89,
          "price": 0.45,
          "timestamp": 1764702600,
          "outcome": "3DMAX",
          "eventSlug": "cs2-nip-3dmax-2025-12-02",
          "eventTitle": "Counter-Strike: NIP vs 3DMAX (BO3)"
        },
        {
          "market": "0xa991023b6e00f66996f7bc46b49c23796d5289b36ce85b736e7f441e4ff6f64a",
          "asset": "43803676863326001224131770084657580868162111993449686243255851401564762753132",
          "side": "BUY",
          "size": 13136.37,
          "price": 0.45,
          "timestamp": 1764702098,
          "outcome": "3DMAX",
          "eventSlug": "cs2-nip-3dmax-2025-12-02",
          "eventTitle": "Counter-Strike: NIP vs 3DMAX (BO3)"
        },
        {
          "market": "0x0c6c08f8a2757650daea86bbe863aaf9d06c6e6cd9c83fe0cd605af33d577c63",
          "asset": "95830799899393841534584682664372424953624584361464181686296283345786967592560",
          "side": "SELL",
          "size": 2850.69,
          "price": 0.45,
          "timestamp": 1764671100,
          "outcome": "Liquid",
          "eventSlug": "cs2-tl1-ast10-2025-12-02",
          "eventTitle": "Counter-Strike: Liquid vs Astralis (BO3)"
        },
        {
          "market": "0x283c4c6cd04d131dec3c39b2b90897cd1719dc11735bdbdb2a76ec9859a98ef7",
          "asset": "84631925201579390245193029607601426028253292638609880627166157795316934762804",
          "side": "SELL",
          "size": 21688.88,
          "price": 0.46,
          "timestamp": 1764669616,
          "outcome": "Passion UA",
          "eventSlug": "cs2-pssnua-m80-2025-12-02",
          "eventTitle": "Counter-Strike: Passion UA vs M80 (BO3)"
        },
        {
          "market": "0x0c6c08f8a2757650daea86bbe863aaf9d06c6e6cd9c83fe0cd605af33d577c63",
          "asset": "95830799899393841534584682664372424953624584361464181686296283345786967592560",
          "side": "BUY",
          "size": 4189,
          "price": 0.46,
          "timestamp": 1764663724,
          "outcome": "Liquid",
          "eventSlug": "cs2-tl1-ast10-2025-12-02",
          "eventTitle": "Counter-Strike: Liquid vs Astralis (BO3)"
        },
        {
          "market": "0x283c4c6cd04d131dec3c39b2b90897cd1719dc11735bdbdb2a76ec9859a98ef7",
          "asset": "84631925201579390245193029607601426028253292638609880627166157795316934762804",
          "side": "BUY",
          "size": 64819.14,
          "price": 0.46079292011587936,
          "timestamp": 1764663434,
          "outcome": "Passion UA",
          "eventSlug": "cs2-pssnua-m80-2025-12-02",
          "eventTitle": "Counter-Strike: Passion UA vs M80 (BO3)"
        },
        {
          "market": "0x0c6c08f8a2757650daea86bbe863aaf9d06c6e6cd9c83fe0cd605af33d577c63",
          "asset": "95830799899393841534584682664372424953624584361464181686296283345786967592560",
          "side": "BUY",
          "size": 200,
          "price": 0.45,
          "timestamp": 1764663422,
          "outcome": "Liquid",
          "eventSlug": "cs2-tl1-ast10-2025-12-02",
